3988 6180
129 337 172 400 τοι
713 333 889 397 HOMlLlAE
910 331 960 396 DE
983 333 1183 400 laurona.
1736 345 1798 412 7⁰2

127 468 263 546 gregalem,
276 461 576 540 laqueispsccaterum
587 463 917 540 peraquambaptisma-
930 467 958 536 Α
973 465 1035 540 ipse
1049 467 1325 546 aitinnvangetioza
1334 467 1796 548 Quicunqualeceritvoluntatem

127 559 158 616 tie
170 553 275 623 malco,
290 557 375 628 atquc
388 555 425 612 ad
441 554 570 614 coelestia
593 557 738 630 speranda
754 555 917 614 sublimari.
974 557 1067 616 Patris
1083 560 1151 630 mci,
1164 561 1215 633 qui
1230 565 1275 618 est
1290 561 1318 618 in
1334 561 1426 631 ecelis,
1442 561 1504 636 ipse
1518 566 1706 636 msuelrater,
1716 587 1798 629 sorar

127 643 816 717 Notandumsanequadnelendimimahercsls,
837 663 920 703 exeo
974 650 1003 704 et
1030 653 1187 706 metercst
1215 651 1318 722 (batth.
1349 651 1411 724 aul.
1431 675 1443 702 a
1473 653 1508 708 Et
1533 669 1586 726 per
1607 655 1797 728 Pmphetam:

125 735 189 809 quod
203 731 336 792 Dominus
351 730 390 788 ait
406 734 442 790 ad
458 729 641 810 alligatem'a
656 736 773 804 Satana,
799 739 921 792 canatur
975 759 987 785 c
1005 735 1134 794 Narrabo
1152 743 1350 796 nomentuum
1366 740 1596 798 iratribusmeis.
1608 741 1798 802 lnmedioh'c-

125 829 236 886 astruere
250 837 399 894 corporum
414 821 611 880 humanorum
633 823 713 892 vilis,
739 840 796 880 nen
812 824 849 881 ad
864 824 919 880 Dc·
975 821 1068 882 clesiae
1085 823 1211 884 laridabo
1225 831 1251 884 te
1267 827 1355 898 (Prot.
1369 829 1439 902 aar).
1455 853 1469 880 a
1486 831 1581 902 lluJ'ns
1592 832 1800 892 unorbeclesia

122 913 220 974 minem
235 911 449 979 auctorem,scd
457 911 756 986 potiusaddiubclum
766 913 919 986 pertinere:
975 917 1077 970 sancte
1089 917 1143 982 cst,
1159 915 1207 971 cui
1221 916 1285 988 ipse
1299 934 1350 990 per
1363 917 1599 990 prophetamait:
1616 943 1630 970 a
1648 922 1799 982 Soonsabo

121 1001 192 1076 qussi
207 997 343 1069 diabolus,
359 1001 666 1076 cnmhcbeatsempcr
676 1002 921 1076 cupiditatemnc-
975 1005 1004 1056 te
1019 1000 1091 1058 mihi
1107 1002 1137 1058 in
1148 1004 1267 1074 justitia
1282 1009 1310 1062 et
1323 1005 1445 1062 veritate
1455 1007 1528 1076 (Oce.
1540 1007 1582 1080 n).
1599 1031 1613 1060 »
1630 989 1801 1085 lle'quaper

121 1089 201 1162 cendi,
216 1103 313 1146 nocere
326 1088 464 1163 cuiquam
479 1091 583 1164 possit,
600 1091 656 1150 nisi
670 1092 706 1148 ab
716 1091 921 1165 omnipotente
974 1089 1116 1166 loannem
1132 1091 1163 1148 in
1185 1093 1358 1167 Apocalypsi
1380 1094 1501 1152 dicitur:
1532 1097 1627 1154 «Vidi
1652 1099 1798 1157 civitatem

121 1179 245 1254 acciperet
257 1181 439 1252 potestatem.
453 1179 526 1236 Nam
542 1179 611 1257 quid
620 1179 699 1238 aliud
715 1197 772 1238 non
783 1178 879 1237 selum
891 1179 921 1234 in
975 1183 1107 1236 sanctam
1117 1181 1290 1248 Jerusalem,
1303 1199 1418 1250 novam,
1428 1185 1654 1244 descendentem
1668 1187 1704 1244 ds
1714 1188 1797 1257 celo,

120 1268 182 1324 libra
208 1265 281 1324 baeti
305 1267 372 1332 lob,
401 1283 489 1340 quem
518 1273 679 1326 memorata
707 1269 825 1328 heresis
853 1285 921 1325 cum
974 1269 1117 1339 tanquam
1132 1286 1272 1343 sponsam
1287 1276 1420 1328 ornatam
1440 1271 1501 1332 viro
1522 1289 1577 1330 suc
1589 1275 1678 1348 (Anac.
1697 1280 1766 1347 xxi).
1784 1299 1798 1328 a

119 1355 214 1414 esteris
226 1355 337 1412 Veteris
346 1355 522 1414 Testamenti
539 1355 632 1427 libris,
648 1362 676 1414 el
690 1375 758 1415 eum
783 1357 847 1431 ipse
863 1357 921 1414 Dae
976 1354 1108 1414 Mortuus
1123 1362 1167 1415 est
1182 1359 1244 1416 sinc
1258 1359 1368 1430 liberis,
1384 1361 1454 1434 quia
1466 1367 1534 1419 ante
1541 1364 1707 1436 passionem
1714 1383 1800 1424 suam

119 1446 160 1520 qni
170 1443 254 1512 dedit,
270 1444 748 1521 quasimalignornundiprincipe,
760 1445 921 1504 utinsanoe
975 1445 1799 1523 pauecstucaeorumpersuampradieationemstbonnm

117 1533 243 1602 exsufflet,
259 1532 310 1590 sed
327 1533 415 1592 etiam
430 1533 922 1608 inlivangeliodeclaratur.ubidae·
976 1533 1141 1607 excurplum
1154 1535 1635 1614 filiosspiritalitcrbecgeneravit.
1652 1541 1799 1618 Primogc·

117 1623 201 1680 monia
214 1637 263 1680 nec
278 1620 308 1678 in
325 1639 428 1695 porcos
443 1623 484 1680 iro
498 1625 638 1697 potuisse,
652 1623 708 1681 nisi
724 1624 845 1682 hncillis
856 1624 919 1700 ipse
976 1623 1037 1680 nito
1052 1639 1168 1698 quaque
1184 1625 1282 1682 fratris
1298 1643 1404 1684 nomen
1427 1628 1563 1700 imponit,
1588 1628 1669 1702 quia
1685 1629 1800 1688 Christo

115 1712 277 1778 concederet,
292 1709 403 1786 legitur
417 1712 522 1784 (aaut.
538 1713 610 1786 vm).
975 1710 1133 1769 Christiani
1149 1713 1649 1791 vocamur,utintcllignntdoctorss
1665 1735 1801 1778 nonanes

356 1853 507 1912 acanma
526 1855 665 1914 cxxmn.
936 1835 961 1902 B
976 1815 1041 1856 ⁰⁵⁵⁰
1056 1802 1199 1876 proprios,
1215 1804 1266 1861 ³⁰⁶
1282 1803 1344 1872 ⁰⁰52
1360 1823 1435 1877 ‘¹⁰⁰⁸
1450 1806 1742 1880 peramoenum
1750 1825 1800 1883 se·

978 1894 1091 1946 nerant.
1107 1891 1163 1948 Sed
1179 1891 1341 1963 Sadducaei,
1359 1893 1428 1966 quia
1443 1893 1607 1969 Scripturas
1633 1895 1802 1968 spiritaliter

179 1959 310 2002 ⁰⁰M¹l¹⁰⁵
333 1961 437 2000 mm*
457 1961 529 2002 ΝΟΜ
550 1961 619 2001 '²⁰⁸³'
638 1963 842 2004 ΡΕΝΜΟΒΤΕΝ·
977 1993 1035 2036 non
1052 1977 1263 2054 intelligebant,
1280 1981 1521 2040 resurrectionem
1534 2000 1640 2057 negare
1655 1985 1799 2044 velebant.

141 2069 253 2139 (Manu.
283 2069 368 2140 xxn.)
393 2068 456 2126 aln
485 2067 535 2126 illo
559 2073 705 2141 tompore:
731 2071 924 2130 Accesserant
977 2065 1556 2141 Undecongrucullomiuoaudiernnt:

112 2156 722 2230 «adJeeu1nSadducai,quidieuntnan
747 2176 811 2216 essa
826 2178 922 2218 resur·
974 2168 985 2184 ·
1013 2178 1027 2205 α
1043 2156 1163 2229 Erratis,
1180 2159 1345 2216 nescientes
1359 2159 1535 2233 Scripturas,
1553 2178 1647 2234 noque
1665 2162 1801 2221 virtutem

113 2247 292 2304 «rectionem.
307 2245 495 2320 rlltreliqua.
509 2246 922 2307 Pradicenthominonostro
978 2269 991 2296 a
1008 2244 1059 2302 Dei
1077 2269 1090 2295 a
1101 2245 1257 2311 Quiacnim
1267 2248 1600 2322 Scripturarunrsonsus
1615 2250 1800 2324 ignorabant,

109 2336 169 2392 lesu
183 2334 306 2403 Christo,
326 2335 389 2392 due
402 2333 776 2408 precipuabearescserant
785 2337 885 2396 interl
891 2357 923 2396 u·
978 2340 1188 2407 csnsequcntcr
1200 2335 1357 2406 Christum,
1374 2337 1425 2410 qui
1439 2343 1484 2394 est
1498 2339 1547 2398 Dei
1556 2339 1685 2398 uirtuact
1698 2340 1748 2402 Dei
1758 2358 1802 2397 aa·

110 2423 186 2490 deos,
202 2440 259 2480 ana
270 2421 521 2488 Saddueeorum,
535 2427 565 2479 et
586 2421 677 2480 altera
698 2423 921 2482 Pharisearum.
977 2422 1097 2496 pientia,
1113 2425 1235 2482 minime
1250 2427 1476 2500 cognoscebant.
1492 2429 1566 2496 Quid
1581 2435 1681 2486 eutem
1703 2430 1741 2486 da
1756 2447 1801 2487 re·

110 2510 515 2579 Sadducaeiautemdicnntnr,
532 2509 923 2586 quiSadducumquemdam
977 2512 1156 2570 surrectione
1171 2515 1288 2572 credere
1306 2513 1349 2571 vel
1374 2515 1483 2573 sentire
1506 2517 1677 2587 debeamus,
1703 2519 1803 2576 mani·

110 2600 272 2674 magistrum
287 2599 366 2674 legis
381 2603 548 2672 mouentes,
564 2617 658 2672 neque
680 2601 923 2662 insurrectionem
978 2599 1064 2656 lestat
1078 2617 1146 2658 eum
1161 2603 1216 2658 alt:
1234 2625 1248 2653 «
1266 2603 1298 2660 ln
1314 2604 1526 2662 resurrectione
1539 2604 1618 2662 enirn
1632 2623 1727 2680 acque
1748 2627 1801 2664 nu-

110 2689 264 2760 eredehant,
280 2705 380 2762 neque
392 2689 523 2761 angelus,
548 2705 643 2762 neque
656 2689 779 2764 spiritus
798 2707 871 2748 esse.
889 2691 924 2748 lli
978 2687 1063 2744 «bcnt
1080 2705 1174 2761 neque
1189 2691 1347 2760 nubentur,
1363 2692 1424 2758 saed,
1442 2696 1528 2748 erunt
1541 2691 1617 2749 sieut
1632 2694 1727 2768 angeli
1750 2695 1801 2752 Dei

109 2782 213 2835 hatum
227 2780 363 2852 quinque
377 2777 468 2836 libros
481 2777 572 2851 Moysi
598 2777 781 2852 recipientes,
805 2779 925 2838 oracula
978 2799 991 2826 α
1008 2776 1037 2832 in
1053 2776 1134 2834 culo.
1152 2801 1166 2829 u
1182 2777 1214 2835 ln
1228 2779 1337 2851 quibus
1352 2780 1448 2838 verbis
1462 2781 1625 2854 proprietas
1635 2782 1803 2840 Letinelin-

107 2867 306 2940 prophetarem
324 2867 512 2940 respuebant.
520 2867 814 2936 EteontraPhariaai,
825 2868 875 2942 qni
884 2868 925 2926 di·
977 2881 1040 2938 guae
1052 2883 1119 2922 cum
1135 2867 1235 2924 Graes
1248 2866 1803 2944 elequentiancnconcordat.ApudLa·

107 2957 152 3012 obi
164 2955 407 3030 interpretantur,
423 2969 457 3012 en
467 2955 729 3027 quadrantariam
744 2957 923 3029 quibusdam
978 2953 1055 3012 tinas
1071 2955 1149 3012 enim
1165 2955 1280 3030 proprie
1294 2957 1408 3014 lemlna
1433 2959 1552 3028 nubere,
1576 2963 1606 3016 ct
1620 2959 1673 3016 viri
1697 2959 1803 3018 uxores

105 3043 353 3104 observationibus
367 3061 399 3102 se
414 3049 561 3118 separent,
576 3045 924 3104 etrcsurrectionemere-
977 3041 1197 3102 essedicuntur.
1205 3044 1261 3102 Sed
1268 3045 1343 3103 hanc
1349 3046 1802 3120 proprietatomltraciscrmonis

106 3132 205 3190 debant
218 3133 925 3209 corporum,stengelosetspirltuseeselateban-
978 3132 1140 3204 sequimur,
1156 3150 1223 3190 eum
1239 3133 1380 3192 dicimus:
1404 3157 1418 3190 n
1435 3137 1498 3192 Noa
1521 3135 1644 3204 nubent,
1660 3158 1675 3190 a
1690 3135 1804 3196 scilicet

102 3225 152 3290 tur,
167 3227 195 3280 et
209 3239 269 3282 nen
284 3221 386 3280 solnm
401 3222 532 3296 quinque
547 3221 638 3280 libras
651 3223 756 3296 Moysi,
772 3223 823 3280 scd
834 3223 922 3281 stiam
939 3203 960 3272 C
979 3219 1046 3277 viri:
1064 3245 1078 3272 a
1094 3237 1188 3296 neque
1203 3223 1362 3292 nubentur,
1378 3245 1393 3274 a
1408 3221 1520 3281 scilicet
1534 3229 1649 3282 uxores.
1661 3225 1802 3298 Non'erge

103 3310 439 3386 craculapraphetnruna
454 3310 642 3384 recipiebant
669 3311 820 3372 Sadducaei
844 3329 923 3386 erga,
980 3311 1803 3385 nubentinresurrectioneviri‚nequenubenturuxoree,

103 3402 130 3456 ut
143 3395 370 3460 resurrectionis
384 3400 535 3457 veritatem
546 3415 653 3474 negare
662 3401 924 3476 posscnt,turpitn·
979 3415 1044 3472 que
1060 3399 1210 3458 habebunt
1226 3399 1345 3473 quidem
1359 3417 1482 3475 corpora
1496 3419 1573 3469 vera,
1588 3417 1652 3476 que
1677 3405 1804 3475 pessunt

103 3488 317 3548 dinislahulam
329 3487 924 3564 composueruntdcmuliere,queseptem
980 3487 1051 3544 nubi
1066 3491 1094 3544 et
1106 3489 1226 3556 nubere,
1252 3490 1302 3546 sed
1319 3495 1417 3546 tamen
1441 3489 1674 3558 immoratae
1692 3491 1804 3564 absque

102 3575 199 3636 tratres
214 3577 370 3646 babuerit,
979 3575 1149 3634 inllrmitatc
1173 3581 1203 3634 et
1225 3578 1290 3634 ideo
1312 3593 1370 3636 aaa
1396 3577 1495 3636 colum
1513 3595 1533 3634 a
1556 3577 1726 3652 pollutione,
1752 3579 1803 3636 sed

132 3667 242 3726 «Unde
256 3672 288 3726 ct
313 3668 567 3740 interrogaverunt
590 3683 668 3736 eum,
690 3667 837 3724 dicentes:
862 3669 925 3726 lla-
978 3664 1066 3722 etiam
1082 3665 1803 3738 abomnicorruptionsalicne.Qualosautemsint,

102 3777 113 3802 u
126 3755 225 3828 gister,
240 3757 362 3830 Moyses
377 3754 448 3812 dixit
460 3760 551 3824 (Dect.
568 3759 649 3825 xxv):
665 3755 696 3812 Si
713 3756 780 3828 quie
790 3760 925 3814 mortum
979 3753 1074 3826 quiin
1090 3754 1145 3812 hoc
1161 3754 1267 3812 encnle
1283 3753 1365 3829 digni
1389 3755 1549 3823 hahentur,
1570 3755 1739 3816 manifestet
1758 3757 1804 3813 di·

101 3865 112 3890 «
127 3843 210 3902 tuerit
224 3863 286 3904 nen
312 3845 429 3902 habens
455 3843 560 3912 salium,
577 3849 610 3902 ut
632 3844 721 3902 ducet
743 3846 833 3902 frater
861 3847 924 3919 ejus
979 3861 1062 3901 cens:
1079 3869 1093 3896 a
1109 3842 1165 3902 Sed
1181 3849 1268 3902 erunt
1280 3844 1465 3919 sicutaegeli
1481 3845 1533 3902 Del
1548 3845 1577 3902 in
1594 3843 1677 3916 eoelo,
1689 3868 1703 3896 a
1714 3846 1744 3903 id
1760 3849 1805 3904 est

101 3955 113 3980 α
128 3949 243 3992 uxorem
258 3934 357 4004 illius,
373 3937 406 3990 ut
413 3931 535 3991 suscitet
543 3949 642 3990 semen
663 3933 762 3990 fratris
771 3933 926 3992 sulllrant
978 3932 1159 3991 immortales
1173 3934 1282 3990 allecti:

98 4043 110 4068 a
125 4027 219 4080 autem
233 4025 387 4098 apednos
405 4025 516 4097 septem
533 4022 648 4089 iratres,
663 4025 693 4080 et
707 4023 822 4096 primus
838 4041 925 4080 uxore
1016 4044 1029 4071 a
1046 4021 1306 4078 lleresurrectione
1326 4026 1425 4080 autam
1449 4025 1632 4082 mertuorum
1656 4039 1714 4080 non
1729 4023 1804 4096 legi·

96 4131 108 4158 a
122 4110 206 4170 ducta
219 4113 385 4170 defunctas
398 4115 490 4180 est,et
502 4111 795 4179 nonhabenssemen,
807 4109 926 4184 reliquit
979 4134 992 4160 «
1009 4109 1065 4166 stis
1079 4109 1157 4183 qued
1171 4109 1281 4166 dictura
1298 4113 1344 4166 cst
1358 4127 1375 4166 a
1394 4109 1464 4178 Deo,
1490 4109 1604 4168 dicente
1623 4111 1720 4168 vobis:
1744 4112 1803 4183 Ego

97 4215 240 4259 «uxorem
256 4219 349 4260 snam
372 4200 455 4258 fratri
479 4216 543 4257 suo.
569 4199 710 4256 Similiter
734 4199 882 4258 secundus
896 4203 926 4258 et
979 4223 992 4248 «ι
1010 4215 1077 4256 sum
1093 4197 1170 4254 Deus
1186 4197 1332 4254 Abrabam
1348 4203 1377 4254 et
1391 4197 1471 4255 Deus
1492 4203 1584 4267 iaaac,
1600 4203 1630 4255 ct
1651 4199 1729 4256 Deus
1750 4198 1801 4254 Ja-

98 4309 109 4332 «ι
122 4291 225 4348 tertiae
239 4307 342 4366 nsque
357 4290 574 4364 odseptimum.
588 4287 926 4346 Novissimcautcmcm-
979 4311 992 4338 a
1009 4287 1082 4344 eob‘l
1097 4308 1111 4338 »
1126 4287 1169 4344 ad
1183 4285 1432 4360 comprobandam
1453 4285 1674 4345 resurrectionis
1698 4285 1802 4342 verita-

96 4400 107 4424 1‹
123 4377 202 4436 nium
219 4385 250 4437 et
266 4379 580 4454 mulisanclunnaest.
595 4377 924 4453 lnrcsurrecticneerga
979 4375 1151 4444 tem,multa
1170 4376 1317 4449 apertiora
1334 4375 1504 4436 testimonia
1516 4375 1805 4432 bominusdeoracu·

97 4487 108 4512 a
123 4468 206 4540 cujus
221 4469 282 4526 erit
298 4469 337 4526 de
352 4472 463 4542 septem
479 4466 569 4524 uxor?
583 4466 692 4524 Omnes
703 4466 781 4524 enim
792 4483 858 4524 eam
874 4467 925 4524 ha·
979 4464 1016 4522 lis
1031 4465 1239 4538 prophetarum
1256 4463 1384 4537 prolerre
1398 4469 1521 4538 poterat,
1533 4482 1567 4522 ex
1581 4464 1689 4538 quihus
1704 4467 1748 4520 est
1768 4463 1802 4518 il·

96 4575 107 4600 o
121 4553 262 4614 buerunt.
282 4579 295 4608 ι
317 4554 662 4630 inquibusverhispatct,
677 4553 924 4628 quodnansolum
941 4571 963 4635 p
978 4553 1044 4610 lad:
1063 4579 1076 4606 a
1093 4555 1234 4627 Exspecta
1249 4571 1305 4622 mc,
1325 4553 1395 4610 dicit
1419 4557 1570 4623 Dominus,
1593 4553 1623 4612 in
1638 4553 1686 4611 die
1707 4569 1803 4610 resur·

94 4643 275 4713 spirituliter,
293 4645 452 4704 sedetiam
467 4643 739 4717 necluxtalitteram
756 4645 921 4702 rectesein·
979 4642 1115 4700 rectionis
1127 4659 1197 4700 men
1210 4641 1239 4698 in
1256 4642 1489 4715 futurum(Soplt.
1506 4643 1558 4714 ιιι).
1575 4663 1589 4694 a
1607 4641 1759 4700 utiterum
1773 4639 1803 4696 in

93 4729 219 4806 telligere
236 4733 499 4792 demonstrabant.
509 4733 607 4790 Potuit
618 4733 746 4806 quadam
756 4732 926 4791 infelicitate
980 4733 1065 4790 Osce:
1083 4755 1097 4782 α
1114 4729 1278 4788 l'iviticabit
1291 4747 1345 4789 nes
1360 4736 1426 4806 post
1440 4733 1515 4790 duos
1535 4731 1608 4799 dies,
1624 4735 1653 4788 ct
1673 4729 1806 4786 avemus

94 4821 232 4892 accidere,
250 4827 287 4880 ut
301 4822 334 4880 in
349 4823 451 4879 codem
466 4821 584 4896 popule,
595 4823 645 4895 qui
656 4839 673 4879 a
685 4821 758 4895 legis
769 4823 924 4880 ohservan-
980 4822 1011 4878 in
1027 4823 1184 4893 conspectu
1199 4822 1264 4893 ejus
1281 4820 1350 4889 (an.
1367 4820 1417 4894 vr).
1430 4820 1526 4878 »lltin
1538 4817 1670 4876 Daniele:
1688 4839 1703 4868 «
1719 4816 1804 4874 ldnlti

93 4906 311 4982 tia-deiecerat,
330 4915 442 4985 septem
459 4911 563 4970 iratres
578 4927 668 4968 unam
683 4911 840 4968 habuerint
855 4929 926 4968 uxo·
980 4909 1101 4984 quidem
1117 4910 1250 4966 deterre
1265 4907 1383 4982 pulvere
1398 4911 1585 4982 consurgent,
1601 4905 1650 4964 alii
1667 4905 1697 4964 in
1714 4906 1803 4964 uitam

93 5012 166 5067 rcm;
182 5000 237 5057 sed
253 5000 317 5058 hoc
342 5000 456 5074 Moyses
480 4998 509 5056 in
533 4997 597 5074 lege
618 5017 677 5057 non
701 5000 847 5074 precepit
872 4999 926 5066 Oui
981 5003 1131 5064 uternam,
1148 4997 1197 5056 alii
1212 4997 1242 5054 in
1268 4996 1459 5071 opprobrium
1482 4996 1693 5074 sempiternum
1719 4997 1803 5068 (Dara

91 5085 166 5144 enim
181 5089 220 5158 de
235 5087 341 5162 primo
356 5093 386 5146 et
400 5089 528 5146 secundo
542 5087 638 5163 legem
654 5088 744 5158 dedit,
760 5092 789 5145 et
799 5089 834 5146 de
847 5093 927 5146 cete·
980 5089 1042 5160 sn).
1059 5111 1073 5138 »
1103 5089 1138 5146 m
1165 5086 1337 5144 Psalmista:
1355 5109 1369 5137 a
1386 5081 1444 5158 llg'a
1469 5085 1593 5144 dormitu
1607 5092 1637 5143 et
1650 5089 1805 5160 soporatus

92 5173 130 5230 ris
143 5179 251 5242 tacuit,
270 5179 463 5251 nequaqnam
475 5181 598 5250 septem
621 5178 724 5234 lratrcs
748 5194 838 5234 unam
855 5194 925 5234 uac-
980 5193 1058 5246 sarm,
1075 5180 1103 5234 ct
1118 5175 1277 5244 exsurrexi,
1293 5175 1514 5248 quiubominns
1526 5175 1802 5248 suscepitmell'rot.

89 5277 148 5320 rem
164 5265 283 5326 habere
294 5267 399 5338 jussit.
413 5267 469 5324 Sed
485 5267 540 5323 hec
559 5266 730 5322 mandatum
755 5265 926 5339 spiritaliter
981 5266 1034 5338 ur).
1053 5287 1066 5316 a
1083 5265 1151 5332 Sed,
1166 5264 1243 5323 sicut
1257 5263 1392 5337 superius
1407 5263 1519 5324 dietum
1534 5270 1589 5331 est,
1606 5264 1675 5338 quia
1690 5264 1805 5320 Saddu-

89 5353 185 5420 polius
202 5371 303 5428 qnam
321 5353 476 5413 camaliter
498 5359 543 5412 est
565 5353 800 5426 intelligendum.
826 5355 927 5412 Frater
980 5354 1041 5422 eei,
1058 5358 1159 5410 contra
1174 5369 1248 5425 qnos
1263 5353 1299 5410 da
1311 5354 1523 5412 resurrectione
1537 5369 1703 5412 sermonem
1716 5352 1804 5408 hahe-

88 5439 163 5498 enim
180 5449 293 5502 nester
309 5443 452 5500 Dominus
467 5448 511 5500 est
524 5443 611 5500 lesus
626 5441 770 5510 Christus,
787 5442 837 5515 qui
858 5460 925 5500 cum
981 5444 1040 5513 bat,
1057 5443 1175 5499 oracula
1189 5441 1398 5515 prophetarum
1414 5461 1471 5501 aon
1483 5443 1671 5518 recipiebant,
1687 5443 1806 5498 ideosu·

87 5527 125 5584 sit
139 5537 308 5589 creaturat
323 5531 464 5590 Dominus
476 5537 575 5590 noster
589 5549 641 5605 per
654 5530 854 5602 Divinitalcm,
874 5550 927 5591 no·
981 5531 1126 5605 pertinum
1155 5536 1217 5587 crat
1242 5547 1276 5587 ex
1292 5529 1350 5587 iilis
1376 5530 1459 5589 libris
1485 5533 1612 5606 prolerre
1637 5527 1805 5588 testimonio

88 5613 131 5674 his
147 5619 211 5676 lieri
228 5621 377 5693 dignatas
391 5627 438 5680 cst
452 5623 541 5694 trater
555 5620 927 5697 perhumanitatem,sicnt
981 5639 1055 5694 quos
1070 5620 1112 5678 illi
1129 5638 1187 5678 nan
1204 5619 1390 5692 recipiebant.
1407 5623 1487 5689 Quod
1504 5623 1529 5679 si
1543 5621 1697 5693 diligenter
1707 5614 1804 5674 consi·
