3988 6180
99 347 149 406 ιιι
574 395 597 432 ,
705 349 883 415 somne
905 351 961 412 ne
978 349 1178 416 senecen.
1735 359 1796 420 ns

95 475 154 544 luit,
170 477 330 536 virtutibus
344 479 451 537 servire
462 483 557 548 debet,
566 483 653 554 juxte
662 482 849 556 Apostolum:
862 481 916 540 «Ut
929 483 957 550 A
972 504 986 531 «
1002 483 1109 540 vitatos
1121 484 1156 540 sd
1169 485 1296 557 nuplias,
1308 485 1596 544 etnolebentvenire.
1606 509 1618 535 »ι
1630 489 1664 542 Et
1674 487 1796 562 reliqua.

91 566 163 622 siout
177 565 310 623 exhibuit
324 570 457 625 membra
471 588 525 628 sua
539 573 647 628 servire
668 572 864 629 immunditie
886 577 914 629 et
968 572 1040 628 Cum
1057 574 1224 646 frequenter
1239 591 1363 648 regnum
1379 575 1518 632 caelorum
1535 576 1564 631 in
1579 576 1733 650 Evangelio
1749 595 1797 634 no

88 654 237 728 iniquitati
252 658 287 714 ad
302 657 497 732 iniquitatem,
522 661 563 716 ita
585 662 686 718 eadem
703 663 837 719 exhibeat
851 680 912 719 ser·
968 659 1106 730 urinutur,
1120 677 1178 717 non
1194 661 1353 736 incongrue
1369 681 1486 736 semper
1497 681 1587 720 unam
1603 664 1797 738 eamdemque

88 745 144 800 rire
164 743 289 816 justitiae
303 745 333 802 in
347 748 607 805 sanctificationem
627 749 712 822 (Rom.
728 755 777 819 vr).
791 773 805 801 ιι
823 749 912 817 Quasi
966 747 1054 804 hahet
1067 749 1321 823 significationem,
1338 754 1389 810 sed
1406 752 1565 826 aliquando
1581 751 1728 809 caelestem
1743 753 1797 811 Do·

89 833 162 904 enim
178 833 357 908 paralyticus
382 835 490 892 lectum
514 843 619 910 portet,
636 839 753 911 quando
778 845 912 912 peccator
966 837 1794 914 minunrtesumChristum,aliquandoductrinsmsaneti

88 926 149 994 post
164 923 385 980 conversionem
400 941 517 982 carnem
529 943 614 984 suem
625 927 779 1004 crucifigit,
792 929 912 984 mortiti-
966 925 1123 1000 Evangelii,
1139 927 1298 1000 aliquando
1314 929 1460 986 ooeleetem
1483 930 1619 1002 patriam,
1636 929 1793 1003 aliquando

89 1011 177 1067 cando
193 1012 327 1068 membra
348 1031 412 1081 sua,
424 1031 488 1086 quae
504 1020 574 1072 sunl
589 1033 678 1089 super
691 1021 810 1084 terram,
822 1021 851 1072 et
864 1035 909 1074 se·
965 1019 1137 1086 praesentem
1159 1017 1306 1090 significat
1329 1019 1500 1076 Ecclesiam.
1517 1019 1675 1075 Dominum
1689 1019 1791 1077 desum

88 1099 215 1156 cundum
226 1099 413 1172 Apostolum:
429 1126 443 1153 ιι
455 1104 604 1177 Erueiligit
614 1121 732 1161 earnem
744 1121 829 1162 suam
842 1122 909 1163 eum
964 1101 1126 1175 Christum,
1142 1105 1217 1162 sicut
1232 1107 1294 1179 ipse
1308 1109 1367 1164 ait:
1385 1133 1398 1159 ιι
1417 1107 1550 1182 Regnum
1573 1107 1624 1164 Dei
1639 1107 1716 1163 intra
1740 1125 1791 1165 vos

87 1187 161 1244 vitiis
185 1194 215 1244 et
244 1189 490 1263 concupiscentiis
520 1191 590 1266 (aaa.
616 1193 654 1265 v).
673 1215 686 1244 a
715 1192 806 1266 Cujus
829 1194 908 1250 enim
964 1195 1008 1248 est
1023 1194 1098 1265 (lac.
1115 1199 1194 1264 xvn).
1207 1217 1222 1247 ιι
1243 1196 1412 1253 Doctrinam
1428 1196 1523 1253 saneti
1539 1193 1697 1268 Evangelii,
1713 1196 1790 1252 siout

86 1277 183 1331 anima
206 1275 299 1333 Deum
324 1279 450 1350 perlecta
473 1281 570 1338 videre
598 1281 754 1349 desiderat,
784 1282 908 1356 dignum
963 1280 1026 1352 ipse
1039 1281 1148 1340 ιΙιιιίοιίο
1162 1283 1238 1340 hanc
1261 1286 1387 1358 recipere
1403 1285 1571 1343 nolentibus
1585 1283 1674 1340 dixit:
1701 1305 1716 1334 ιι
1730 1285 1789 1340 Au-

83 1369 125 1419 est
139 1368 173 1419 ut
186 1363 275 1421 etiam
299 1366 363 1439 ejus
378 1383 444 1424 caro
459 1368 616 1426 virtutibus
640 1387 671 1426 se
686 1371 803 1439 subdat,
829 1370 908 1428 illius
963 1369 1100 1425 seratura
1115 1371 1196 1428 vobis
1207 1388 1330 1446 regnum
1341 1373 1401 1439 Dei,
1413 1377 1441 1430 et
1454 1373 1572 1428 dabitur
1581 1372 1660 1446 genti
1671 1371 1789 1428 facienti

83 1453 214 1526 exemplo
229 1453 279 1526 qui
296 1453 353 1510 ait:
371 1477 386 1504 ιι
402 1454 497 1512 sitivit
511 1457 540 1513 in
557 1461 584 1514 te
607 1459 706 1514 anima
722 1476 796 1527 mea,
818 1476 907 1531 quam
962 1458 1075 1513 fructus
1097 1459 1161 1530 ejus
1183 1461 1289 1530 (llattla.
1306 1463 1373 1525 xxi).
1392 1483 1406 1512 ιι
1431 1459 1582 1517 Caelestem
1604 1460 1741 1534 patriam,
1758 1464 1791 1517 ut

82 1540 285 1614 multiplieiter
299 1547 328 1598 et
342 1559 409 1600 caro
425 1561 491 1601 mea
506 1546 679 1618 (Psal.ex11).
693 1569 707 1598 ιι
724 1547 759 1604 Et
782 1547 905 1605 iterum:
961 1550 1007 1601 est
1021 1544 1113 1602 illud:
1131 1569 1145 1597 ιι
1156 1549 1234 1604 Beati
1251 1550 1301 1622 qui
1318 1549 1551 1622 persecutionem
1565 1548 1790 1622 patiunturpro·

80 1655 92 1679 ι
109 1631 140 1686 ln
157 1629 218 1687 Deo
241 1630 369 1704 speravit
392 1649 442 1688 cor
466 1639 621 1695 meamet
641 1637 762 1706 adjutus
786 1653 863 1702 sum,
879 1639 908 1693 et
962 1638 1026 1704 pter
1036 1634 1195 1705 justitiam,
1221 1637 1360 1710 quoniam
1378 1637 1510 1711 ipsorum
1525 1641 1569 1694 est
1592 1653 1715 1710 regnum
1731 1652 1789 1694 coe·

80 1719 288 1776 refleruitoem
307 1736 372 1777 mea
387 1723 476 1794 (Psoi.
488 1723 605 1796 ιιιινιι).ιι
616 1725 651 1780 Et
666 1741 803 1781 rursum:
822 1748 836 1775 ιι
852 1725 907 1781 Cor
961 1720 1056 1778 lorum
1072 1723 1181 1796 (Mutila.
1197 1725 1235 1788 v).
1252 1749 1266 1775 a
1286 1727 1423 1782 Sanctam
1439 1725 1609 1794 Ecclesiam,
1626 1725 1704 1782 sicut
1718 1725 1788 1782 alibi

80 1823 178 1863 meum
194 1812 225 1864 et
238 1825 306 1864 earo
322 1825 387 1866 mea
401 1809 619 1868 exsultaverunt
638 1813 667 1869 in
692 1813 784 1870 Deum
808 1815 905 1870 viviane
961 1809 1019 1866 eit:
1037 1834 1050 1860 ι
1068 1811 1121 1876 Oui
1147 1812 1265 1869 solverit
1286 1832 1378 1870 unum
1394 1817 1430 1870 de
1452 1813 1599 1871 mandatis
1620 1813 1685 1870 istis
1700 1813 1787 1870 mini-

80 1897 165 1966 (Psol.
190 1901 317 1969 mxxiii).
334 1921 349 1948 n
365 1900 473 1956 comus
489 1901 525 1956 ad
541 1917 630 1972 quem
644 1906 711 1975 post
725 1903 905 1970 curationem
962 1899 1028 1966 mis,
1045 1905 1074 1956 et
1088 1900 1219 1958 docuerit
1243 1903 1286 1959 sie
1300 1903 1446 1968 homines,
1471 1903 1614 1958 minimus
1638 1902 1789 1960 vocabitur

78 1986 120 2040 ire
130 1986 284 2057 jubemur,
301 1988 457 2060 paradisus
471 1993 525 2045 est.
551 1991 593 2045 Ad
621 1989 674 2045 hoc
703 2007 770 2048 vero
795 1991 904 2048 conditi
960 1986 989 2044 iu
1006 2003 1094 2062 regno
1120 1989 1258 2046 caelorum
1285 1991 1385 2062 (liridi.
1404 2015 1417 2040 ιι
1435 1993 1508 2064 Ergo
1524 1991 1553 2046 in
1578 1990 1634 2047 hoc
1657 1990 1720 2048 loco
1740 2007 1787 2047 re·

78 2075 277 2141 fueramus,ut
292 2076 317 2131 si
333 2077 447 2148 primus
457 2077 545 2133 honio
561 2095 618 2134 non
632 2081 905 2153 peccasset,absque
960 2092 1051 2149 gnum
1067 2076 1206 2133 coelorum
1223 2085 1397 2150 praesentem
1414 2079 1560 2154 significat
1575 2078 1745 2146 Ecclesiam,
1757 2078 1786 2135 id

78 2161 138 2217 ulla
162 2161 381 2236 incorruptione
398 2164 426 2219 in
441 2181 474 2221 eo
491 2181 740 2238 permaneremus,
763 2168 814 2224 sed
837 2169 906 2240 quia
959 2170 1004 2220 eet
1018 2166 1273 2239 congregationem
1282 2169 1443 2239 justorum,
1456 2167 1486 2222 in
1499 2183 1558 2240 qua
1568 2167 1711 2225 Dominus
1727 2184 1785 2224 non

76 2251 225 2321 peccando
240 2251 276 2306 eh
293 2250 343 2307 illa
356 2251 541 2322 recessimus,
556 2271 673 2326 aequum
695 2259 739 2312 est
756 2261 788 2311 ut
810 2257 904 2328 poeni-
960 2253 1055 2310 solum
1081 2259 1193 2328 regnat,
1215 2256 1265 2312 sed
1282 2257 1369 2312 etiam
1392 2257 1526 2329 quiescit,
1544 2255 1621 2312 sicut
1643 2255 1786 2328 scriptum

75 2339 165 2395 tando
181 2340 218 2396 ed
232 2339 314 2396 illem
339 2341 504 2398 redeamus.
526 2343 570 2398 Ad
584 2361 673 2416 quem
698 2345 904 2401 ardentissimo
959 2342 1048 2399 estin
1064 2342 1237 2400 Salomone:
1256 2369 1269 2395 ιι
1285 2346 1390 2401 Anima
1400 2345 1485 2416 justi,
1502 2345 1586 2401 sedes
1601 2345 1785 2418 sapientia.»

75 2446 176 2484 aurore
191 2429 341 2502 pervenire
355 2431 475 2504 optabat
489 2430 549 2497 illa,
566 2432 616 2504 qui
628 2433 761 2489 dicebat:
779 2456 792 2482 ιι
809 2433 903 2490 Unam
958 2437 1033 2488 Sunt
1054 2432 1199 2498 nonrmlli,
1216 2434 1266 2506 qui
1283 2434 1359 2490 hanc
1383 2435 1517 2490 carradam
1545 2433 1700 2491 lectionem
1722 2449 1787 2490 esse

73 2517 328 2590 petiiaDomino,
358 2518 434 2575 hanc
459 2520 607 2593 requiram
624 2521 709 2593 (Psoi.
735 2528 821 2592 xxva).
839 2547 853 2572 ιι
869 2525 903 2579 Et
958 2527 1072 2592 putent,
1092 2538 1180 2594 quam
1198 2523 1355 2579 hucassub
1367 2523 1562 2595 appellatione
1577 2539 1665 2578 omne
1678 2522 1785 2578 descri-

74 2608 197 2662 iterum:
210 2608 359 2663 «introibo
368 2608 396 2663 in
406 2609 528 2664 domum
540 2615 632 2674 tuem,
641 2610 903 2678 Domine,adoralte
957 2611 1080 2681 psit,sed
1093 2611 1227 2682 quadam
1239 2611 1472 2668 intersediverse
1481 2611 1629 2668 continere
1639 2612 1784 2668 videntur:

74 2697 112 2750 ad
131 2696 271 2768 templum
286 2702 421 2752 sanetum
438 2701 521 2754 tuum
536 2699 624 2767 (Psal.
640 2703 680 2762 v).
699 2721 712 2749 ιι
731 2701 765 2756 Et
781 2717 900 2756 rursus:
957 2698 1027 2770 quia
1040 2698 1080 2754 ibi
1097 2715 1189 2765 canna,
1203 2698 1249 2754 hic
1263 2699 1420 2771 prandium
1432 2699 1617 2755 nominetur:
1634 2697 1674 2752 ibi
1686 2695 1785 2755 nullus

75 2808 89 2834 ιι
107 2785 255 2858 ingrediar
270 2785 300 2841 in
316 2784 411 2841 locum
423 2785 603 2842 tabernaculi
615 2787 797 2844 admirabilis
809 2805 902 2862 usque
957 2787 1007 2858 qui
1024 2785 1151 2854 intravit,
1175 2802 1312 2859 egressus
1336 2785 1464 2859 legitur:
1481 2785 1529 2844 hic
1545 2787 1595 2859 qui
1611 2802 1678 2843 cum
1704 2789 1785 2842 veste

76 2874 112 2928 ad
130 2874 249 2930 domum
279 2871 329 2930 Dei
358 2873 443 2946 (Psoi.
460 2877 527 2938 xcii.
546 2898 560 2926 ιι
579 2877 609 2932 ln
640 2875 695 2932 hae
718 2877 901 2934 domotnnto
957 2875 1081 2948 nuptiali
1097 2892 1154 2931 non
1171 2875 1338 2942 intraverat,
1355 2892 1424 2931 eum
1440 2889 1547 2948 magno
1572 2875 1712 2932 dedecere
1735 2890 1783 2930 ex·

76 2963 202 3035 quisque
225 2963 409 3019 mansionem
434 2964 560 3020 inveniet
585 2964 766 3038 ampliorem,
792 2973 901 3039 quanto
957 2962 1217 3034 pulsusnarrstnr.
1232 2962 1784 3038 Namquamviseensuetudoantiquis

78 3052 256 3124 inpraesenti
279 3052 464 3123 aitajustius
486 3055 599 3122 vixerit,
624 3055 687 3128 ipsc
709 3057 833 3114 Domino
857 3057 901 3114 di.
956 3050 1053 3120 suerit,
1076 3052 1166 3107 semel
1191 3052 1220 3106 in
1246 3051 1292 3108 die
1317 3053 1469 3124 prandere,
1496 3053 1524 3109 et
1539 3051 1592 3110 hoc
1616 3051 1781 3110 convivium

80 3145 169 3198 cente:
186 3165 199 3192 ι
218 3143 249 3199 ln
266 3143 353 3199 domo
368 3141 530 3200 Patrismei
543 3143 711 3202 mansiones
722 3145 820 3202 multe
832 3152 900 3204 sunt
954 3143 983 3196 et
994 3139 1151 3212 prandium
1166 3145 1195 3197 et
1210 3157 1291 3196 eoena
1316 3145 1478 3209 vocaretur,
1504 3141 1587 3214 ,apud
1606 3157 1659 3197 nos
1682 3145 1782 3198 tamen

80 3231 168 3298 iteca.
180 3235 248 3300 xiv).
267 3255 282 3281 ιι
916 3217 937 3285 G
955 3229 1094 3286 usitatius
1108 3233 1175 3302 post
1190 3229 1347 3301 prandium
1363 3247 1443 3286 crena
1459 3233 1559 3299 restat,
1580 3235 1647 3302 post
1668 3245 1778 3286 emnem

117 3341 130 3368 ιι
143 3319 280 3377 videntes
296 3326 394 3377 autem
417 3321 510 3378 turhae
525 3321 688 3380 timuerunt
702 3328 730 3380 et
754 3322 901 3398 glorifica·
955 3335 1021 3374 vero
1038 3317 1152 3374 nullum
1169 3317 1332 3374 convivium
1354 3322 1495 3376 remanet.
1523 3317 1604 3375 Unde
1624 3334 1677 3392 per
1699 3317 1780 3374 illam

83 3429 96 3454 ιι
110 3415 210 3464 verunt
231 3409 335 3476 Deum,
352 3409 401 3482 qui
418 3409 498 3465 dedit
513 3414 688 3483 potestatem
703 3411 791 3468 talem
806 3412 901 3468 homi·
956 3424 1067 3463 eoenam
1094 3406 1222 3464 Ecclesia
1236 3407 1389 3479 figuratur,
1412 3405 1508 3478 qualis
1524 3407 1578 3464 erit
1602 3407 1631 3463 in
1661 3407 1780 3482 futuro:

84 3497 200 3554 «nibus.
217 3519 231 3548 ιι
247 3499 280 3554 In
309 3496 443 3554 hocloco
467 3499 633 3555 declaratur
656 3505 800 3573 quantum
827 3501 902 3557 inter
955 3497 1149 3570 parhocvero
1160 3496 1327 3570 prandium,
1340 3496 1435 3570 qualis
1446 3497 1529 3554 estin
1541 3495 1783 3570 presentihomo

84 3583 191 3642 doctam
212 3586 357 3643 malitiam
371 3592 400 3643 et
414 3591 545 3645 sanctam
561 3587 779 3662 simplicitatem
801 3590 900 3646 distel.
955 3586 1011 3642 iste
1026 3602 1076 3640 rex
1091 3584 1345 3658 spiritaliterDeus
1355 3585 1541 3659 omnipotens
1551 3589 1605 3653 eet,
1619 3585 1709 3641 Filius
1720 3585 1784 3656 ejus

86 3671 187 3731 Scribis
201 3675 281 3733 enlm
302 3675 393 3732 Deum
409 3673 692 3749 blasphemantibus,
708 3679 811 3748 turbae,
837 3696 900 3752 quae
955 3674 1371 3746 Dominuslesussshristus,de
1382 3691 1440 3746 quo
1453 3691 1504 3748 per
1517 3674 1701 3732 Psalmistam
1712 3673 1784 3730 dici-

88 3762 177 3820 minus
190 3763 310 3820 eruditae
325 3767 418 3831 erant,
438 3766 502 3837 ejus
518 3781 605 3838 opera
624 3767 766 3835 videntes,
782 3784 848 3823 cum
865 3768 901 3822 ti·
956 3768 1019 3820 tur:
1030 3761 1281 3834 «Deuspudieium
1293 3763 1448 3836 tuumregi
1459 3763 1496 3818 da
1506 3764 1592 3834 (Psoi.
1606 3765 1709 3833 exarte
1726 3769 1782 3822 etc.

89 3865 159 3908 more
173 3857 200 3910 et
213 3851 407 3910 admiratione
421 3853 657 3927 glorificaverunt
676 3855 779 3912 lleum.
803 3857 857 3912 Sed
873 3862 902 3912 et
956 3851 1009 3918 Oui
1021 3851 1088 3908 iecit
1099 3852 1217 3924 nuptias
1228 3851 1289 3906 lilio
1304 3868 1368 3919 suo,
1382 3853 1499 3924 quando
1511 3867 1563 3926 per
1573 3851 1784 3908 incarnationis

89 3935 134 3995 hoc
154 3941 283 4012 quotidie
297 3943 331 3996 fit
343 3941 374 3996 in
393 3942 522 4000 Ecclesia
545 3943 574 3998 in
591 3943 778 4002 conversione
800 3959 901 4016 pecca-
956 3940 1128 4013 mysterium
1145 3939 1170 3995 ei
1185 3944 1318 3996 sanctam
1332 3939 1493 3996 Ecclesiam
1509 3940 1641 4012 sociavit,
1658 3957 1715 3996 non
1732 3940 1784 3997 ha·

90 4027 186 4097 lerum,
208 4029 279 4103 quia
308 4029 378 4086 dum
398 4030 523 4103 quilibet
537 4031 718 4089 facinorosus
734 4031 850 4106 publice
865 4033 901 4088 ad
956 4027 1073 4084 beatem
1090 4026 1236 4084 maculam
1263 4044 1487 4102 nequarugam,
1510 4028 1684 4100 dequaper
1705 4035 1783 4100 Apo-

89 4111 170 4174 llaum
197 4119 384 4191 conveniam,
404 4122 433 4175 et
461 4136 512 4192 per
540 4121 742 4194 paenitentiam
771 4125 900 4189 curatur,
956 4115 1064 4172 stolum
1089 4115 1245 4171 dicitur:«
1263 4115 1566 4186 Despondienimvos
1583 4115 1783 4171 univirovir-

90 4205 165 4262 multi
179 4208 206 4264 in
221 4209 286 4280 ejus
298 4208 486 4264 conversione
507 4209 683 4266 immensam
698 4210 747 4266 Dei
764 4209 901 4282 pietatem
956 4203 1054 4277 ginem
1085 4208 1195 4259 castam
1225 4203 1361 4260 exhibere
1390 4202 1782 4274 ChristotllCar.x1).nln

89 4290 249 4360 glorificent.
260 4297 349 4353 Juxta
372 4299 552 4370 superiorem
570 4315 690 4355 sensum
720 4300 810 4354 turbae
838 4315 901 4372 quae
957 4292 1068 4365 nuptiis
1096 4309 1162 4348 vero
1191 4291 1250 4348 duo
1276 4291 1597 4364 lungunlur·81)0118u³
1619 4297 1780 4364 sslsspffllffl·

90 4375 192 4454 tinent,
208 4385 353 4442 immundi
369 4386 493 4458 spiritus
507 4386 630 4460 intolligi
647 4389 781 4460 possunt,
798 4385 848 4461 qrii
863 4389 903 4443 vi·
956 4383 1088 4454 Sponsus
1108 4381 1187 4437 enim
1212 4380 1346 4438 Christus
1360 4385 1414 4449 est,
1440 4380 1476 4436 de
1491 4396 1548 4453 quo
1572 4397 1624 4452 per
1637 4380 1782 4437 loannem

90 4463 180 4529 dentes
191 4477 358 4548 peccatores
367 4491 418 4547 per
433 4475 550 4533 Domini
559 4475 789 4533 incarnationem
803 4477 903 4534 desua
956 4470 1079 4527 dicitur:
1094 4470 1169 4537 «Qui
1181 4469 1269 4526 hahet
1279 4485 1417 4542 sponsam
1429 4485 1555 4542 sponsus
1564 4469 1784 4536 estimarunt»

87 4565 220 4621 potestate
229 4563 422 4636 eripi,timore
433 4567 461 4620 et
469 4565 662 4622 admiratione
673 4565 807 4622 concussi
823 4572 901 4622 sunt.
918 4580 941 4648 ῃ
956 4560 1077 4615 Amicus
1089 4563 1187 4614 aulem
1199 4558 1310 4631 sponsi,
1322 4558 1371 4630 qui
1389 4561 1446 4614 Siai
1459 4561 1487 4614 θῑ
1499 4557 1582 4614 audit
1595 4556 1784 4631 eum,gaudio

86 4637 581 4726 Uudeetperobsessumhominem
593 4653 903 4726 loquebantur:«0uid
958 4647 1066 4720 gaudet
1080 4641 1199 4721 propter
1221 4663 1320 4704 vocem
1344 4647 1454 4718 sponsi.
1472 4647 1585 4719 Sponsa
1604 4650 1705 4702 sancta
1729 4643 1785 4700 Ee·

78 4737 165 4795 nobis
175 4741 278 4812 ettibi,
296 4739 429 4798 Filillei?
443 4741 548 4798 venisti
560 4747 628 4798 ante
638 4745 756 4816 tempus
769 4748 905 4816 torquere
959 4735 1048 4792 clesia
1062 4739 1117 4804 est,
1134 4735 1180 4790 cui
1204 4751 1257 4808 per
1279 4733 1452 4808 prophetem
1466 4734 1587 4790 dicitur:
1604 4755 1620 4784 ιι
1633 4733 1785 4806 sponsabo

73 4813 335 4900 ”testificamini
352 4853 366 4880 ιι
383 4829 416 4886 Et
431 4829 656 4904 utevangelista
673 4833 731 4888 ait:
750 4855 764 4882 ιι
780 4831 905 4888 Multum
960 4823 1121 4882 temihiin
1146 4823 1265 4896 justitie
1289 4828 1316 4880 et
1343 4822 1464 4879 veritate
1489 4819 1652 4893 (desiria
1681 4819 1785 4877 Dehis

70 4917 299 4986 macharianum
310 4919 454 4974 damonia
463 4925 496 4975 ut
511 4935 568 4976 non
580 4936 629 4975 eos
641 4918 769 4977 mitteret
779 4921 807 4976 in
820 4922 904 4994 chys·
960 4911 1419 4986 uuptiisloannesinApocalypsi
1429 4909 1786 4983 loquiturdieens:«Beati

65 5004 111 5049 Μ]
122 5021 149 5060 ιιι
163 5007 235 5079 (Lac.
253 5009 324 5078 nra).
343 5031 357 5057 ιι
960 5003 1010 5076 qui
1026 5002 1062 5057 ad
1087 5017 1199 5058 emnam
1228 5001 1399 5073 nuptiarum
1419 5000 1487 5074 agni
1502 4999 1596 5056 vocati
1611 5003 1681 5054 eunt
1694 4995 1784 5070 (Aper.

548 5152 555 5163 ,
959 5091 1027 5162 six).
1045 5112 1059 5140 ιι
1075 5091 1110 5146 Et
1125 5090 1249 5146 iterum:
1275 5112 1289 5138 ιι
1306 5088 1371 5144 Vidi
1393 5087 1539 5144 civitatem
1555 5091 1687 5144 sanctam
1701 5085 1786 5143 Jeru-

350 5149 504 5209 ΗΟΜΠᾸΑ
513 5151 640 5208 CXXXV·
961 5179 1053 5235 selem
1069 5177 1293 5234 descendentem
1309 5176 1345 5232 de
1364 5175 1435 5232 culo
1449 5181 1544 5248 (Apoe.
1559 5187 1630 5244 xxa).
1647 5199 1661 5225 ιι
1678 5173 1788 5232 Thala·
1821 5180 1829 5192 '

142 5256 281 5298 mmm
295 5257 429 5298 ”mm
444 5258 537 5298 pm
551 5257 620 5299 ¹²⁰⁸*
637 5257 843 5298 ¹³⁸⁸T⁸⁰⁰⁸T¹³⁸·
962 5285 1029 5324 mus
1043 5267 1133 5337 hujus
1153 5264 1265 5337 sponsi,
1281 5269 1383 5321 uterus
1404 5263 1554 5338 genitricis
1579 5265 1645 5336 luit,
1668 5265 1706 5320 de
1729 5281 1787 5336 quo

119 5364 404 5436 (Erm.xx11.)«1n
420 5363 907 5439 illotempore,LoquehaturJesus
961 5359 998 5415 ad
1013 5353 1248 5427 conjungendam
1263 5351 1319 5410 sibi
1336 5352 1507 5420 Ecclesiam,
1520 5353 1598 5410 velut
1613 5353 1787 5426 sponsusde

59 5449 75 5476 *¹
92 5457 178 5508 'tum
195 5453 351 5528 discipulis
366 5455 429 5512 suis
445 5454 473 5510 in
490 5453 647 5527 parabolis,
665 5453 784 5508 dicens:
808 5449 908 5506 Simile
962 5445 1092 5502 thalamo
1107 5459 1161 5500 suo
1176 5441 1326 5516 processit.
1341 5440 1423 5499 Unde
1438 5458 1506 5498 cum
1527 5441 1685 5515 Apostolus
1700 5456 1787 5514 expo·

82 5545 99 5570 “
116 5531 221 5599 iactum
232 5547 406 5618 estregnum
418 5543 559 5602 caelorum
574 5542 687 5601 homiui
703 5541 763 5614 regi
779 5539 828 5614 qui
841 5538 908 5596 sccii
963 5539 1043 5592 cierat
1058 5531 1269 5600 testinnonium,
1281 5531 1358 5605 quod
1375 5531 1590 5606 primohomini
1605 5531 1716 5590 dictum
1727 5528 1787 5583 lue-

85 5632 102 5662 “
121 5629 232 5705 nuptias
249 5630 309 5688 lilio
325 5649 377 5691 aaa
401 5639 430 5694 et
446 5632 526 5692 arisit
542 5649 640 5691 servos
655 5647 725 5690 suos
748 5645 848 5689 vocare
862 5627 908 5688 ia·
962 5629 1020 5684 rel:
1047 5646 1061 5676 a
1078 5621 1197 5698 Pffltlle‘l
1211 5617 1265 5680 ¹¹⁰⁰
1281 5617 1425 5696 'luminii
1448 5620 1536 5682 b⁰m⁰
1555 5623 1668 5694 Pllfflffl
1683 5619 1711 5674 ‘l
1726 5627 1788 5672 ¹²²⁸·
