3950 6174
86 368 140 434 oar
693 353 1165 430 aonvuaoarauvoaa.
1718 343 1793 436 aaa

87 501 195 578 pleatur·
206 501 237 558 in
252 498 337 558 nobis
351 500 429 574 quod
444 497 587 557 Dominus
598 498 651 556 ait:
663 519 677 552 ιι
693 498 901 558 Sidimieeritis
916 500 944 567 Α
958 497 1167 567 damnationis,
1184 496 1234 572 qui
1251 497 1415 572 prohibitor
1427 499 1482 557 ruit
1495 504 1552 557 tue
1577 505 1777 578 correptionis.
1795 569 1799 577 ,

87 591 248 649 bominibus
263 594 381 663 peccata
394 605 506 657 eorum,
523 594 551 645 et
565 589 649 646 Pater
662 593 757 648 vester
776 587 901 646 ooeleetis
955 589 991 645 lit
1005 605 1062 644 non
1079 587 1175 644 solum
1190 605 1287 644 sermo
1302 588 1352 646 Dei
1367 588 1423 646 erit
1437 589 1489 646 tibi
1501 591 1713 663 testimonium,
1727 599 1779 654 sed

85 681 204 748 dimittet
217 679 300 736 vobis
315 682 433 752 peccata
450 681 548 735 vestra
571 678 672 752 (laid).
689 701 704 730 ιι
730 679 810 744 Quod
827 678 852 734 si
867 695 902 734 ex
954 681 983 734 ct
997 677 1066 750 ipse
1083 677 1274 751 cogitationes
1289 679 1444 735 adversum
1460 681 1489 736 ic
1504 687 1691 754 consurgent,
1704 685 1781 743 sicut

84 765 901 843 utraquapartenegligentiacontigit‚abutraquevenias
955 766 1113 839 Apostolus
1129 767 1184 823 ait:
1209 789 1223 816 ιι
1239 767 1453 841 cogitationum
1478 768 1602 828 invicem
1628 773 1781 834 adversan-

84 857 238 918 satisiaotio
254 856 408 930 procedere
421 855 517 912 debet.
533 855 598 912 lieo
610 860 708 913 tamen
723 856 860 914 discretio
871 855 901 912 in
955 855 1041 922 tium,
1055 855 1200 912 autetiam
1210 855 1467 914 defendentiumin
1480 856 1537 929 die,
1547 861 1782 936 quandoJudica-

83 949 132 1006 hac
147 945 381 1004 reconciliatione
404 945 585 1001 observanda
599 949 653 1014 est,
679 949 712 1002 ut
734 946 758 1001 si
778 945 826 1002 ille
851 943 902 1018 qui
956 943 1000 1000 bit
1013 944 1091 1001 Deus
1106 942 1219 1001 occulta
1233 943 1386 1001 bominum
1402 949 1489 1016 (Rom.
1505 949 1549 1016 n).
1566 971 1581 998 ιι
1593 949 1665 1006 Nam
1681 953 1783 1026 etipsa

83 1029 696 1110 aliumlesit,temporaledamnumintulit,
706 1036 783 1110 quod
793 1035 903 1107 injuste
956 1033 1078 1089 terrain
1094 1050 1153 1107 qua
1167 1049 1333 1106 peccamus,
1350 1035 1435 1091 nobis
1450 1034 1481 1092 in
1494 1037 1696 1097 testimonium
1714 1042 1780 1112 erit,

84 1124 210 1193 abstulit,
222 1123 303 1198 juste
318 1120 602 1180 restituat.Siautem
614 1123 762 1180 verboaut
774 1121 902 1179 convicio
957 1119 1012 1179 nisi
1020 1121 1254 1196 priusmedicina
1263 1123 1437 1194 paenitentia
1444 1124 1539 1182 sanati
1546 1125 1700 1201 fuerimus,
1708 1134 1782 1189 testo

83 1219 194 1272 tantum
210 1213 342 1286 proximo
357 1211 424 1268 iecit
439 1209 589 1284 injuriam,
617 1212 752 1268 suiiicere
775 1212 904 1269 creditur
957 1211 1041 1268 beato
1053 1211 1117 1279 Job,
1134 1211 1182 1284 qui
1199 1211 1254 1268 ait:
1272 1233 1286 1262 ιι
1300 1213 1335 1268 ut
1350 1221 1428 1269 terra
1442 1215 1597 1272 adversum
1613 1233 1660 1280 me
1676 1216 1784 1279 clamat

83 1304 140 1361 sola
154 1303 246 1360 ironia
261 1298 421 1375 postulatio
431 1299 468 1356 ad
482 1297 722 1357 satisfactionem.
741 1298 823 1358 Unde
838 1303 904 1374 post
958 1299 1026 1372 (iod.
1042 1303 1114 1372 narr).
1132 1321 1146 1351 ιι
1164 1299 1296 1359 Minister
1310 1303 1387 1358 atem
1402 1302 1449 1360 oui
1463 1304 1590 1361 traditur
1603 1306 1639 1374 is,
1650 1307 1699 1380 qui
1714 1323 1782 1366 cum

83 1389 344 1450 reconciliationem
360 1405 377 1446 a
394 1389 515 1446 Domino
531 1388 654 1446 dicitur:
958 1387 1124 1446 adversario
1138 1405 1192 1446 auo
1206 1391 1383 1447 concordare
1391 1389 1638 1461 noluit,diabolue
1648 1394 1783 1472 intelligi·

116 1481 148 1538 at
162 1485 235 1538 tuno
248 1477 368 1535 veniens
384 1474 487 1534 oiieres
501 1493 610 1535 munus
631 1483 725 1535 tuum.
748 1479 817 1536 iisto
832 1495 904 1535 eon·
956 1481 1015 1544 tur,
1032 1476 1082 1550 qui
1098 1493 1187 1552 super
1202 1495 1251 1535 eos
1266 1477 1461 1536 ministerium
1473 1481 1596 1555 accipiet
1607 1484 1784 1556 justedam·
1834 1559 1837 1564 Ι

83 1570 241 1634 «sentiens
256 1567 422 1625 adversario
434 1569 486 1623 tuo
500 1566 571 1623 dum
586 1582 618 1624 es
629 1565 658 1624 in
682 1567 731 1624 via
741 1584 808 1625 curn
826 1585 870 1625 eo.
887 1590 901 1621 ιι
958 1566 1096 1635 nationis,
1110 1567 1162 1640 qui
1178 1571 1281 1641 sponte
1296 1585 1328 1625 ee
1341 1567 1526 1626 tradiderunt
1545 1587 1638 1644 pravas
1662 1575 1781 1632 actioni.

81 1661 164 1717 rorte
179 1661 277 1714 movet
288 1655 417 1728 aliquem
429 1655 465 1711 ad
482 1655 682 1729 quarendum,
692 1657 742 1729 qui
758 1655 905 1714 sitadver·
958 1656 1040 1730 lpsos
1054 1657 1133 1714 enim
1149 1660 1295 1713 exactores
1310 1657 1461 1714 habebunt
1474 1657 1505 1715 in
1520 1677 1615 1734 poena,
1627 1678 1701 1735 quos
1716 1679 1782 1738 pcr-

80 1747 176 1806 earios
189 1749 299 1813 noster,
314 1760 381 1800 oum
397 1760 455 1818 quo
469 1743 644 1802 concordare
657 1744 905 1818 nosjubetllomi·
959 1753 1095 1802 suasores
1110 1745 1276 1803 babuerunt
1285 1745 1416 1819 inculpa.
1429 1745 1534 1804 Caroer
1545 1751 1783 1812 auteminiernus

79 1855 135 1895 nus
151 1839 260 1893 noster.
275 1831 327 1891 Cui
343 1833 579 1908 respondendum
595 1836 649 1902 est,
661 1833 711 1908 qui
718 1833 902 1892 adversarius
958 1838 1013 1903 ost,
1032 1855 1046 1885 ιι
1062 1832 1112 1890 ubi
1127 1837 1173 1891 est
1183 1835 1301 1902 vermis,
1314 1832 1364 1908 qai
1378 1852 1435 1892 non
1446 1836 1598 1908 morietur,
1606 1843 1634 1896 et
1644 1839 1721 1913 ignis
1732 1842 1783 1915 qui

79 1928 135 1984 iste
151 1937 248 1982 sermo
263 1921 314 1980 Dei
327 1919 511 1996 intelligitur,
527 1937 584 1978 noo
600 1922 669 1996 quio
685 1925 762 1981 recte
773 1923 905 1981 adversa·
958 1939 1016 1981 non
1031 1923 1235 1996 exstinguetur
1250 1923 1342 1998 (liora.
1359 1925 1409 1998 rx),
1427 1947 1441 1975 ιι
1458 1926 1493 1983 de
1509 1939 1566 2000 quo
1575 1944 1627 2001 per
1640 1927 1783 1988 loannem

78 2015 143 2072 rius
157 2015 197 2070 sit
211 2015 317 2068 nostra
331 2009 448 2078 salutis,
464 2009 515 2066 scd
531 2010 601 2085 qnia
614 2011 788 2068 contradicit
798 2017 904 2071 nostra
958 2012 989 2068 in
1005 2011 1177 2086 Apocalypsi
1194 2012 1314 2070 dicitur:
1332 2035 1346 2065 ιι
1360 2011 1469 2071 Omnes
1478 2013 1640 2088 blasphemi
1646 2017 1786 2084 ,tornica-

77 2102 192 2160 carnali
209 2099 363 2157 voluntati.
379 2098 466 2156 Verbi
491 2099 597 2174 gratia:
625 2093 757 2158 Garnolia
780 2101 904 2159 delecta·
958 2105 1046 2168 tores,
1063 2105 1092 2158 et
1101 2101 1236 2171 adulteri,
1250 2103 1442 2160 mittenturin
1459 2106 1787 2180 stagnumigoisetsul-

77 2193 118 2250 tio
145 2189 300 2266 petrabere
323 2205 376 2245 nos
400 2187 480 2261 cupit
508 2187 544 2244 ad
569 2187 757 2258 adulterium,
790 2195 905 2247 contra·
960 2190 1063 2264 phuris
1079 2191 1168 2265 (Apoc.
1184 2195 1253 2260 xxr).
1272 2215 1286 2243 ιι
1303 2192 1383 2258 Quod
1399 2195 1498 2251 auiam
1514 2196 1681 2270 subjungit:

75 2281 142 2338 rius
158 2278 257 2336 autem
273 2277 324 2334 tibi
342 2292 438 2334 sermo
463 2276 512 2333 Dei
537 2273 658 2334 clamat:
684 2300 698 2329 ιι
714 2277 845 2335 Adulteri
861 2295 906 2336 re·
996 2299 1010 2330 ιι
1026 2279 1118 2337 Amen
1140 2278 1205 2337 dico
1229 2279 1293 2348 tibi,
1309 2298 1367 2338 non
1384 2283 1463 2340 eries
1477 2281 1545 2341 inde
1562 2285 1663 2354 donec,
1681 2287 1787 2346 reddas

74 2385 173 2444 gnum
189 2367 236 2424 Dei
252 2383 309 2422 aon
325 2364 518 2440 possidebunt
541 2365 566 2439 (1
581 2365 641 2422 Cor.
654 2366 706 2439 vr).
722 2389 735 2417 ιι
759 2367 796 2424 lit
818 2366 904 2424 alibi:
963 2391 974 2420 ι
992 2367 1186 2426 novissimum
1201 2371 1404 2442 quadrantem.
1423 2391 1437 2422 ιι
1451 2373 1557 2441 Donec,
1574 2375 1744 2436 adverbium
1755 2373 1787 2436 ss·

73 2483 88 2510 ιι
107 2456 314 2516 Fornicatcres
329 2459 359 2511 et
373 2452 523 2510 adulteros
542 2452 688 2525 judicabit
711 2455 791 2513 Deus
814 2453 905 2528 (liebr.
962 2458 1055 2516 niturn
1072 2476 1124 2532 pro
1138 2455 1255 2516 infinito
1270 2460 1518 2536 posuittempore.
1532 2465 1610 2538 quod
1625 2464 1786 2524 nonsolum

72 2549 150 2620 xm).
169 2567 185 2596 ιι
200 2545 236 2602 lit
250 2544 374 2600 iterum:
392 2564 407 2594 ιι
423 2540 477 2610 Qui
490 2539 595 2598 viderit
609 2541 764 2600 mulierem
779 2544 815 2600 ad
835 2561 907 2601 eon·
961 2547 1016 2604 boa
1031 2547 1062 2603 in
1078 2547 1140 2604 loco
1156 2564 1240 2604 saera
1253 2549 1413 2622 Scriptura,
1430 2550 1480 2608 scd
1496 2551 1585 2612 ctiam
1605 2553 1741 2626 piurimis
1757 2556 1786 2612 in

71 2633 292 2710 cupiscendum
308 2631 459 2703 samiam
473 2630 636 2688 maechatus
650 2635 695 2688 est
705 2641 769 2689 eam
780 2633 810 2689 in
822 2633 909 2690 corde
962 2636 1034 2694 loeis
1049 2635 1310 2704 iacereooneuevit‚
1323 2639 1546 2698 sicutnominus
1556 2642 1788 2716 perPropbetam

73 2742 132 2782 suo
153 2722 260 2796 (liciti.
275 2724 315 2789 v).
332 2742 347 2770 ιι
362 2719 391 2776 Si
408 2719 689 2776 autemauditahac
707 2720 908 2788 voco,vitave·
959 2725 1020 2782 ait:
1049 2729 1142 2781 Donec
1171 2725 1341 2797 senescatis,
1371 2743 1424 2801 ego
1453 2743 1530 2786 sum.
1558 2726 1591 2785 uc
1616 2729 1786 2790 Psalmisla:

73 2815 117 2870 ris
134 2810 284 2870 carnalem
300 2806 534 2875 delectationem,
548 2807 909 2867 idesiordoremiibidinis
962 2837 978 2866 ιι
994 2813 1077 2870 Sicut
1091 2813 1168 2869 oculi
1183 2813 1294 2870 ancilla
1309 2813 1340 2870 in
1355 2814 1492 2875 manibus
1512 2817 1639 2875 dominas
1663 2835 1734 2887 sue,
1747 2820 1788 2876 ita

75 2904 164 2959 ireno
180 2895 365 2957 continentia
378 2895 573 2963 restrinxeris,
590 2897 773 2954 concordasti
786 2899 910 2954 eumad·
963 2899 1040 2960 oculi
1053 2901 1145 2958 nostri
1171 2899 1207 2959 ad
1228 2901 1385 2959 Dominum
1411 2904 1503 2962 Deum
1527 2910 1672 2974 nostrum,
1697 2908 1789 2966 donec

76 2989 212 3048 versario
227 2993 279 3044 tuo
294 2987 323 3043 in
339 2985 666 3042 bonotuo.llicamuset
677 2985 766 3042 aliud:
776 2985 911 3062 suggerit
965 2991 1140 3048 misereatur
1153 2990 1246 3047 nostri
1262 2991 1346 3064 (Paul.
1362 2998 1460 3062 cxxn).
1478 3017 1492 3045 ιι
1509 2994 1646 3068 Nunquid
1662 3001 1714 3053 aut
1723 3001 1789 3072 post

77 3080 135 3138 tabi
150 3077 280 3136 ebrietas
295 3079 324 3132 et
338 3073 472 3132 immittit
497 3071 631 3130 saucibus
653 3073 713 3132 tuis
737 3075 909 3144 siccitatem,
964 3077 1084 3137 illorum
1100 3083 1247 3137 senectam
1263 3079 1340 3136 Deus
1356 3080 1472 3138 iuturus
1488 3099 1544 3139 non
1561 3088 1632 3150 erat,
1646 3088 1697 3141 aut
1710 3091 1789 3158 post·

78 3183 241 3242 usquequo
254 3162 406 3239 pervenias
419 3163 455 3220 od
470 3162 651 3230 ebrictatem,
667 3163 719 3220 sed
737 3163 912 3223 contradicit
966 3183 1054 3242 quam
1071 3165 1574 3227 misertusiueritnobisooulinostri
1584 3173 1790 3232 cessabuntre·

78 3256 135 3312 tibi
150 3272 250 3314 seram
265 3251 397 3328 divinus:
414 3274 429 3303 ιι
444 3249 556 3319 Videte,
582 3267 618 3308 na
642 3257 799 3326 gravemm
821 3253 909 3311 corda
923 3237 949 3305 θ
965 3255 1554 3330 spicereillumtnon;eedsioutdiximus,
1565 3258 1791 3334 ilnitumproin-

78 3349 180 3403 vestra
195 3341 316 3418 crapula
329 3345 359 3398 et
373 3339 512 3398 ebrietate
526 3343 602 3410 (Lac.
617 3341 685 3414 xxi).
703 3363 718 3392 ιι
731 3341 767 3398 aa
785 3341 909 3400 iterum:
966 3345 1047 3414 linito
1061 3345 1168 3418 posuit.
1182 3343 1237 3410 Qui
1258 3345 1340 3403 iocus
1364 3345 1554 3420 Origenianos
1577 3348 1712 3419 destruit,
1738 3351 1789 3424 qul

80 3457 96 3485 ιι
112 3431 228 3492 libriosi
243 3447 368 3506 regnum
383 3429 433 3487 Dei
450 3447 508 3486 non
523 3425 717 3504 possidebunt
730 3433 755 3502 (l
767 3434 829 3490 cor.
841 3431 910 3506 vri.»
965 3434 1038 3493 talea
1053 3435 1160 3508 pietate
1175 3429 1313 3491 dixerant
1327 3438 1393 3508 post
1402 3435 1550 3506 judicium
1568 3429 1788 3499 daemonesesse

79 3521 172 3578 Vinea
188 3537 256 3596 ergo
269 3519 491 3577 delectationem
507 3517 637 3592 potandi,
648 3523 677 3575 et
692 3519 910 3578 coneordacum
965 3521 1130 3581 solvendos.
1138 3521 1301 3580 sicutenim
1316 3527 1584 3600 eternumregnum
1594 3532 1789 3602 praeparatum

80 3610 251 3667 adversario
265 3611 328 3665 tuo.
339 3606 387 3664 Sic
396 3607 432 3663 dc
442 3605 554 3663 ceteris
567 3605 645 3665 vitiis
656 3607 842 3666 sentiendum
855 3613 910 3677 est,
964 3617 1010 3670 est
1025 3611 1146 3678 sanctis,
1161 3611 1204 3668 ita
1218 3615 1359 3670 aternum
1376 3614 1555 3688 supplicium
1571 3617 1713 3690 reprobis,
1735 3618 1791 3675 Do-

79 3698 111 3754 in
129 3699 314 3772 quibuscum
322 3694 648 3769 concupiscitadversus
661 3698 809 3770 spiritum,
824 3689 910 3777 spiri·
965 3701 1047 3759 mino
1063 3701 1175 3759 dicente
1193 3702 1413 3776 (liciebxxvlm
1429 3703 1682 3774 lte,maledicti,in
1693 3703 1792 3780 ignem

80 3790 133 3844 tos
148 3791 248 3845 autern
263 3787 405 3844 aduersos
430 3801 563 3841 carnem:
590 3788 619 3842 et
630 3785 691 3842 hec
707 3785 763 3842 sibi
784 3786 910 3845 invicem
964 3795 1116 3859 aeternnm,
1133 3790 1183 3864 qui
1200 3794 1321 3862 paratus
1337 3795 1382 3848 est
1396 3791 1511 3850 diabolo
1525 3797 1554 3850 et
1568 3793 1680 3868 angelis
1695 3797 1790 3868 ejus.»

81 3875 287 3942 adversantur,
302 3878 404 3932 utnon
419 3886 453 3930 ee
464 3890 527 3946 que
537 3873 825 3933 volumusiaciamus
836 3876 909 3948 (Gal.
964 3879 1000 3937 Et
1014 3879 1135 3935 iterum:
1150 3902 1163 3930 ιι
1181 3877 1268 3935 ibunt
1282 3877 1312 3935 hi
1322 3879 1351 3936 in
1367 3879 1546 3953 supplicium
1560 3884 1792 3956 aeternum,jueti

80 3965 122 4036 v).
139 3965 194 4022 Via
207 3968 306 4022 autem
321 3974 450 4037 presens
476 3966 520 4019 est
532 3961 600 4019 vite.
625 3961 760 4028 Quendiu
785 3963 864 4021 enim
879 3963 910 4021 in
964 3972 1062 4025 autem
1077 3965 1107 4022 in
1122 3967 1211 4022 vitam
1228 3971 1376 4024 aternam.
1390 3990 1404 4018 ιι
1411 3967 1483 4026 ilino
1496 3969 1792 4043 perSalomonemdi-

81 4055 221 4125 praesenti
235 4050 562 4126 vitajmanemusmuasi
578 4049 661 4107 invia
676 4055 704 4107 et
717 4049 910 4110 initineresu·
964 4057 1056 4114 citur:
1076 4077 1090 4108 ιι
1105 4055 1229 4128 Lignum
1247 4056 1278 4112 in
1290 4063 1557 4130 quacunquoparte
1573 4059 1721 4126 ceciderit,
1731 4059 1791 4117 eive

83 4157 164 4210 mas,
180 4145 209 4200 et
222 4139 348 4198 necdum
356 4139 392 4196 ad
400 4139 523 4213 patriam
533 4139 730 4213 pervenimus.
742 4137 773 4196 ln
789 4139 910 4216 sicergo
964 4146 1002 4202 ad
1016 4147 1161 4210 austrum,
1178 4143 1237 4200 sive
1253 4143 1289 4198 ad
1304 4143 1482 4216 aquilonem,
1502 4167 1515 4196 ιι
1532 4145 1562 4202 id
1576 4149 1621 4202 est
1635 4147 1734 4202 sivein
1745 4146 1791 4203 in·-

82 4245 153 4288 oum
168 4227 333 4288 adversario
347 4229 447 4284 nostro
467 4228 643 4285 concordare
663 4227 818 4301 jubemur,
840 4229 911 4302 quia
964 4233 1090 4301 tarnum,
1107 4231 1212 4288 sivein
1228 4247 1351 4304 regnum
1369 4231 1427 4299 bai,
1445 4255 1460 4282 ιι
1475 4232 1515 4289 lbi
1531 4234 1587 4290 erit
1597 4235 1695 4304 (decla.
1711 4237 1761 4304 m).
1776 4257 1789 4284 ιι

82 4321 301 4390 postmortem,
317 4331 371 4373 nec
386 4315 522 4373 audiendi
538 4316 660 4373 verbum
677 4316 737 4388 Dei,
751 4333 803 4375 nec
814 4333 911 4376 emen·

80 4406 173 4463 dandi
191 4405 271 4463 locus
285 4403 351 4473 erit,
360 4403 516 4461 Salomone
524 4407 659 4473 testante,
674 4405 723 4482 qui
731 4407 808 4463 ait2u
817 4406 911 4473 Quod·
1243 4371 1395 4430 HOMILIA
1418 4373 1510 4432 cxix·

82 4509 200 4568 cunque
215 4497 313 4569 potest
326 4509 432 4550 manus
445 4495 498 4550 tua
509 4493 612 4563 iacere,
628 4494 910 4570 instanteroperare,
1088 4473 1229 4519 mmm*
1244 4474 1348 4519 mv*
1368 4474 1438 4520 ΡΜ
1458 4479 1663 4521 'mmm‘

83 4583 324 4657 quianecopus,
341 4581 910 4660 neoratio,necscieatia‚necsspientia
926 4607 949 4672 D
1000 4583 1106 4662 (blanc.
1137 4585 1210 4658 vm.)
1242 4607 1256 4638 ιι
1284 4586 1316 4643 in
1343 4585 1392 4644 illo
1421 4591 1568 4662 tempore:
1598 4587 1670 4645 Cum
1704 4589 1790 4649 turbo

84 4673 131 4725 eat
145 4674 222 4746 apud
237 4669 347 4729 inieras
363 4674 468 4745 quota
483 4685 622 4746 properas
637 4672 790 4748 (tartara).
807 4673 910 4734 »Unde
966 4701 980 4730 ιι
1011 4675 1105 4734 multa
1132 4679 1209 4732 esset
1238 4691 1305 4732 cum
1344 4677 1426 4748 Jesu,
1455 4693 1509 4734 neo
1544 4677 1685 4736 haberent
1711 4679 1788 4753 quod

84 4760 165 4817 etde
184 4761 240 4830 bis,
267 4759 318 4834 qui
341 4759 425 4818 tarde
448 4761 576 4818 converti
598 4761 761 4837 negligunt,
787 4763 907 4822 dicitur:
963 4789 978 4818 ιι
1008 4765 1229 4834 manducarent,
1259 4767 1427 4823 convocatis
1454 4765 1607 4841 discipulis
1644 4768 1686 4824 ait
1715 4767 1788 4824 iliis:

86 4870 100 4896 ι
117 4848 297 4908 invocabunt
310 4864 368 4917 mc,
383 4855 413 4906 et
427 4866 485 4906 non
500 4849 772 4920 exaudiam;mane
787 4869 908 4910 consur*
964 4877 979 4906 ιι
1009 4847 1148 4911 Misereor
1176 4869 1265 4927 super
1293 4854 1420 4911 turbam.
1449 4853 1662 4930 »etreliqua
1688 4855 1789 4914 Domi-

87 4943 165 5008 gent,
179 4939 207 4995 et
220 4953 279 4996 non
293 4937 442 4995 invenient
456 4955 514 5006 me,
530 4937 653 5012 eoquod
670 4941 908 5000 exosamhabue·
964 4951 1021 5000 nus
1043 4943 1133 5000 ,lesus
1154 4937 1289 4998 Christus
1311 4942 1387 5000 Deus
1416 4947 1482 5001 ante
1508 4943 1623 5013 saecula,
1650 4950 1678 5002 et
1701 4946 1789 5003 homo

88 5023 146 5080 rint
159 5025 354 5102 disciplinam,
371 5030 400 5084 et
413 5025 549 5084 timorem
565 5028 908 5101 Domininonaudierint,
964 5031 1058 5087 iactus
1072 5029 1103 5087 in
1118 5029 1176 5086 tine
1191 5029 1376 5098 soeculorum,
1392 5031 1433 5088 ita
1456 5046 1510 5089 sua
1525 5049 1613 5106 opera
1627 5038 1790 5109 temperare

90 5125 140 5167 nee
152 5112 348 5186 acquieverint
361 5113 492 5171 consiliis
506 5115 589 5185 meis,
605 5119 635 5174 el
648 5116 827 5175 detraxerint
843 5120 909 5176 uni·
963 5120 1173 5194 dignatusest,
1189 5122 1222 5174 ut
1237 5118 1267 5175 in
1283 5135 1341 5175 nno
1356 5119 1519 5194 eodemque
1534 5122 1676 5180 miraculo
1697 5141 1727 5182 se
1744 5141 1789 5180 ve·
1871 5121 1877 5132 '

92 5213 175 5258 versa
187 5200 362 5276 correptioni
377 5217 446 5260 mee
463 5203 553 5277 (Prae.
571 5204 603 5276 1).
621 5227 636 5256 ι
650 5204 740 5264 Valde
754 5211 852 5264 autem
871 5209 908 5265 ti·
964 5225 1030 5266 rum
1045 5208 1149 5277 Deum,
1170 5223 1329 5281 verumque
1353 5209 1503 5267 bominem
1527 5227 1591 5269 esse
1618 5211 1788 5272 declararet.

94 5291 226 5347 mendum
241 5295 297 5361 est,
314 5291 540 5366 quodiniertur:
557 5315 572 5344 ιι
588 5293 908 5354 Neiortetradattcad-
963 5298 1044 5366 Quod
1060 5298 1090 5354 in
1106 5297 1196 5370 hujus
1209 5297 1342 5354 lectionis
1358 5299 1433 5356 serie
1448 5299 1505 5358 cito
1532 5303 1749 5376 cognoscimus,
1765 5304 1789 5360 si

95 5399 108 5426 v
121 5380 263 5437 remeius
273 5379 378 5454 judici,
394 5384 424 5437 et
433 5381 525 5453 judex
538 5383 671 5438 tradatte
682 5382 827 5453 ministro,
839 5385 908 5442 etin
963 5387 1039 5444 hanc
1054 5385 1210 5459 diligenter
1233 5387 1463 5445 consideremus.
1488 5391 1569 5457 Quod
1596 5393 1676 5448 enim
1702 5409 1790 5465 super

97 5482 261 5526 «amoenam
282 5469 420 5527 mittaris.
439 5491 453 5521 ιι
468 5469 497 5527 Si
513 5469 615 5527 audire
639 5469 779 5541 nolueris,
797 5476 908 5532 etcum
963 5476 1080 5532 turbam
1094 5471 1271 5530 esurientem
1287 5476 1788 5548 misericordiamotusdicitur,hu·

96 5557 251 5616 cdversario
263 5561 315 5616 tuo
330 5559 504 5616 concordare
516 5559 688 5634 neglexeris,
701 5559 763 5633 ipse
777 5563 909 5622 tradette
964 5581 1056 5622 manoe
1070 5562 1283 5636 compassionis
1299 5569 1343 5622 est
1357 5565 1515 5625 indicium:
1536 5568 1614 5642 quod
1639 5573 1736 5625 autom
1753 5569 1788 5623 de

94 5645 185 5717 indici,
201 5647 232 5704 id
247 5651 302 5716 est,
317 5648 909 5720 ipsesermoDeieritintestimoniumtua
963 5658 1075 5728 septem
1091 5651 1217 5727 panibus
1233 5655 1621 5726 quotuormilliabominum
1633 5655 1736 5737 reiicit,
1746 5653 1787 5712 di·
