3872 6168
135 375 136 380 η
192 329 251 390 ihi
473 329 680 391 HAYMONIS
703 327 974 389 Hataaus'rn'r.
996 323 1118 388 episc.
1143 325 1228 387 OPP.
1252 325 1352 386 PARS
1375 323 1610 386 it-iioiilh
1801 333 1847 396 us
1908 293 1909 318 i

194 460 308 520 sistere.
324 459 391 518 Ideo
404 463 488 518 tenta
509 477 616 520 manus
639 460 827 518 inimieorum
845 464 1021 534 congregata
1035 461 1062 526 Α
1077 458 1166 530 hujus
1182 457 1335 530 expressit,
1351 457 1848 532 siouthuoassolus,quodejusaurieu·
1908 463 1909 470 ’

193 555 248 616 est,
266 547 1019 622 utuuilusapprehendentibusvelcontradicere,vel
1073 547 1131 604 lam
1149 547 1292 603 Dominus
1308 546 1444 622 tetigerit,
1461 550 1490 603 et
1504 547 1644 602 sanaverit
1656 563 1726 606 eum.
1745 550 1849 608 idalrhus

193 637 349 703 defendere
362 638 465 696 iesum
480 639 609 696 auderet.
619 639 847 711 itaquippeejus
863 637 1021 694 absconde·
1074 641 1172 692 autem
1189 635 1398 708 interpretatur
1411 643 1582 706 reputaturus.
1593 635 1662 702 Quid
1676 639 1849 712 ergouurispro

195 727 283 786 batur
296 731 437 800 potestas,
453 732 482 784 et
497 727 711 784 obtendebatur
724 727 890 794 infirmitas,
913 731 946 783 ut
959 726 1020 784 hec
1075 725 1198 782 Domino
1212 727 1366 798 amputata
1381 723 1850 798 etaDominosanstusignisscet,nisi
1908 773 1909 776 η

196 810 326 874 inimicis
341 817 506 876 necessaria
520 817 837 874 riderenturadversus
852 833 931 873 eum.
943 817 1021 872 Bene
1075 814 1209 870 auditum
1224 817 1528 886 amputatavetustate
1536 814 1852 878 renovatumutsitinue·
1908 823 1909 828 ’

199 908 286 962 utens
301 905 396 965 benus
410 905 507 976 mulis,
521 909 551 964 et
562 905 671 963 iaciens
686 906 810 963 bonade
825 905 921 974 malis,
1074 903 1162 960 vitate
1178 902 1313 976 spiritus,
1329 907 1358 957 et
1370 919 1428 957 nou
1442 901 1734 958 invetustateiittcrei
1744 904 1852 968 Ouodcui

236 1013 251 1045 o
265 994 352 1060 iesus
375 998 515 1063 autem-u
531 994 608 1050 sicut
630 994 810 1070 evangelista
833 999 951 1052 seeutus
968 994 1021 1050 nd·
1076 992 1240 1064 prestitum
1256 1009 1272 1048 a
1287 991 1402 1048 Christo
1415 991 1852 1064 fuerit,quisdubitetregnatumn
1908 1011 1909 1070 j

195 1081 1020 1156 junxit,uacieusomniaquerenturaerautsupereum.»
1076 1085 1147 1136 tunc
1162 1079 1855 1152 essecumChristoi‘dervusdictusestpmpterser·
1908 1149 1909 1166 χ

199 1169 316 1226 Sciebat
329 1174 359 1228 st
371 1170 464 1232 uoluit
477 1175 510 1228 ut
524 1172 831 1246 comprehenderetur,
841 1172 957 1245 quiaad
968 1171 1023 1229 hoo
1075 1169 1198 1225 vitutem
1213 1168 1351 1241 legalem
1368 1171 1490 1226 sanatus
1513 1173 1608 1224 autem
1633 1167 1739 1234 dicitur,
1762 1173 1852 1240 propter

198 1257 276 1314 uenit
290 1259 319 1314 in
332 1258 487 1326 mundum,
503 1265 536 1316 ut
551 1260 606 1316 hoc
622 1263 703 1317 tieret
717 1263 793 1336 quod
806 1261 910 1330 voluit;
927 1284 942 1311 u
958 1277 1023 1334 pre·
1077 1256 1273 1330 evangelicam
1289 1257 1463 1314 libertatem.
1473 1258 1591 1314 Factum
1606 1257 1855 1313 tumeuPetriDoni·

198 1347 1022 1423 cessitetdixit:Quemquaeritis‘t»Processitporatusad
1078 1363 1135 1402 nus
1165 1345 1349 1420 improbarit,
1365 1351 1396 1404 et
1416 1346 1550 1418 progredi
1575 1345 1650 1402 ultra
1674 1344 1814 1418 prohibuit,
1825 1345 1855 1400 di·

199 1435 377 1508 passionem,
393 1442 422 1492 et
445 1439 630 1511 interrogans
654 1455 742 1512 quem
766 1445 941 1512 quererent,
964 1455 1023 1495 non
1078 1451 1162 1490 cens:
1266 1489 1270 1498 ,
1908 1505 1909 1510 ¹

199 1525 284 1596 quasi
299 1524 420 1598 ignarus
435 1541 537 1582 eorum
548 1527 718 1596 voluntatis,
734 1528 785 1583 sed
807 1530 840 1583 ut
855 1527 965 1584 scirent
979 1527 1024 1602 ip·
1114 1547 1129 1574 u
1147 1524 1227 1580 Mitte
1241 1523 1372 1598 gladium
1388 1527 1473 1580 tuum
1489 1523 1858 1597 invagtnnmtiaiiecmquen
1908 1553 1909 1588 2

200 1629 267 1670 sum
283 1628 348 1670 esse
363 1630 451 1686 quem
468 1619 640 1686 quererent.
1079 1635 1094 1662 κ
1110 1612 1191 1667 dedit
1205 1613 1277 1668 mihi
1293 1611 1388 1680 Pater,
1405 1629 1462 1670 nou
1478 1612 1578 1669 biham
1593 1611 1684 1668 illum.
1700 1634 1713 1662 u
1726 1609 1859 1668 Nenbibun
1908 1597 1909 1664 i

237 1723 252 1754 u
269 1701 505 1775 Responderunt:
522 1705 622 1762 iesum
639 1705 856 1762 Nazarenum.»
870 1705 957 1762 iesus
968 1705 1025 1761 Na·
1079 1701 1176 1772 iilum,
1192 1700 1805 1775 interrogativaveiincrepativelegeudun
1822 1703 1861 1766 est,
1908 1729 1909 1796 p

199 1808 322 1850 serenus
337 1791 501 1855 dicebatur,
517 1792 587 1865 quia
602 1793 632 1848 in
647 1793 787 1852 Nazareth
795 1794 1025 1860 nutritusest,ut
1080 1791 1163 1864 quasi
1181 1789 1316 1848 dixisset:
1332 1789 1433 1847 Nonne
1446 1789 1544 1847 bibam
1562 1790 1647 1846 illum
1670 1789 1777 1846 calicem
1797 1804 1861 1860 quen
1908 1807 1909 1830 i

200 1879 552 1953 impiereturpmphetia:
570 1905 584 1932 α
601 1883 744 1949 Quoniam
759 1883 1027 1940 Nazareusveoabi·
1081 1881 1166 1936 Pater
1181 1879 1253 1935 mihi
1270 1879 1370 1936 bibere
1384 1879 1539 1953 precepit?
1555 1875 1863 1947 Quareresistemroiuu·
1908 1893 1909 1946 i

200 1973 259 2036 tpr.
276 1991 291 2020 a
307 1991 322 2020 u
337 1969 414 2026 Dicit
426 1970 484 2028 eis:
501 1971 560 2044 ligo
568 1987 646 2028 sum.
664 1993 679 2022 »
694 1970 756 2029 Non
765 1972 966 2037 absconditss,
975 1971 1027 2030 sed
1081 1969 1134 2024 tati
1148 1969 1191 2024 vis
1206 1968 1416 2041 omnipotentis
1430 1967 1534 2040 Patris,
1551 1969 1611 2026 imo
1627 1979 1655 2025 et
1669 1967 1764 2024 salutis
1776 1971 1822 2022 tue
1833 1981 1865 2021 cu·
1908 1949 1909 2024 i

197 2059 341 2128 ,osteudit
358 2058 428 2133 quie
441 2059 589 2116 voluntate
604 2077 658 2117 sue
672 2061 771 2132 posuit
790 2061 920 2118 unimam
941 2077 1026 2118 suem
1081 2056 1150 2114 licii
1164 2058 1197 2113 Iu
1213 2075 1267 2115 suo
1281 2058 1390 2131 quippe
1400 2058 1478 2134 iacto
1492 2057 1542 2114 illo
1558 2055 1865 2131 disciputusmsgn'strun
1908 2027 1909 2092 i

202 2164 255 2221 pro
272 2149 394 2206 mundo.
1082 2147 1236 2203 defendere
1250 2145 1352 2214 uoluit,
1369 2146 1487 2202 nescius
1498 2145 1866 2220 adhucdispensationeurpa·

237 2260 250 2288 u
269 2237 371 2297 Stabat
385 2241 484 2296 autem
500 2238 645 2306 miudes,
662 2239 713 2312 qui
729 2240 862 2296 tradebat
871 2255 949 2308 eum,
960 2255 1027 2296 eum
1081 2241 1171 2292 terne
1185 2235 1357 2318 uoluntatis,
1369 2236 1551 2308 quodcxhae
1567 2231 1866 2292 tieriuentummroiuie-

203 2347 217 2376 u
234 2324 320 2398 ipsis.
337 2325 374 2382 Ut
385 2341 454 2400 ergo
469 2325 543 2382 dixit
565 2328 623 2384 eis:
650 2329 708 2402 Ego
724 2345 802 2399 sum,
826 2329 962 2384 abierunt
983 2345 1027 2383 re·
1083 2329 1136 2381 set.
1154 2325 1236 2391 Quod
1253 2329 1350 2380 autem
1367 2342 1384 2380 a
1399 2325 1483 2380 Patre
1496 2324 1551 2381 sibi
1573 2324 1645 2382 dicit
1666 2325 1760 2382 dutum
1780 2319 1867 2376 euticen
1908 2319 1909 2390 i

207 2438 222 2466 u
237 2418 376 2484 trorsum,
393 2419 421 2472 et
436 2415 604 2472 cecideruut
618 2415 648 2471 in
663 2421 783 2473 terram.
801 2416 1027 2472 ».Ubituncmi-
1081 2413 1240 2486 passionis,
1255 2413 1382 2486 proiecto
1398 2413 1471 2469 illud
1493 2417 1547 2480 est,
1573 2415 1653 2488 quod
1676 2413 1715 2470 uit
1735 2403 1869 2484 Apostolus:

203 2503 1030 2579 litumoehors,etministriprinoipumecPheriseorum‘t
1086 2502 1140 2559 «Si
1156 2503 1234 2558 Deus
1249 2519 1301 2575 pro
1318 2501 1412 2570 nobis,
1430 2502 1497 2576 quis
1508 2501 1741 2575 centraaesiqui
1755 2499 1871 2570 Filiopro·

204 2591 253 2650 ubi
270 2597 363 2650 termr
377 2597 405 2650 et
420 2593 573 2650 munimen
587 2596 756 2650 armorum?
771 2595 881 2668 Nempe
902 2611 962 2651 una
974 2609 1029 2648 vox
1083 2591 1145 2665 prio
1162 2607 1219 2648 nen
1236 2591 1374 2664 perperit,
1393 2593 1443 2648 sed
1451 2591 1598 2666 pronubis
1609 2583 1871 2648 omnibustmdiditii·
1908 2643 1909 2668 ,

204 2681 341 2740 dicentis:
358 2704 372 2732 u
389 2682 449 2754 bigo
462 2697 541 2746 sum,
557 2683 1028 2750 »tautamturhamodiiiemeem,
1082 2679 1144 2736 ium
1160 2682 1247 2750 (dom.
1264 2683 1337 2748 uin).
1357 2703 1370 2730 u
1383 2679 1490 2737 Verum
1507 2683 1613 2737 auctor
1626 2681 1715 2754 hujus
1728 2677 1814 2736 coticis
1832 2676 1870 2736 est,
1908 2675 1909 2752 i

204 2769 352 2842 armisque
367 2769 539 2838 terribilem,
554 2771 614 2827 sive
631 2771 690 2827 aiio
704 2770 762 2828 telo
774 2773 927 2844 percussit,
945 2787 1029 2844 repu-
1082 2768 1170 2826 etiam
1187 2769 1250 2842 ipse
1265 2767 1578 2842 quibibit,undeidem
1586 2759 1872 2842 Apostolussttuthri-
1908 2773 1909 2848 i

203 2859 248 2928 iit,
263 2863 293 2918 et
305 2859 418 2918 strauit.
434 2859 512 2916 Deus
527 2859 605 2916 euim
622 2859 730 2918 latebat
739 2859 769 2916 in
779 2875 875 2926 carne,
888 2865 916 2917 et
924 2859 1029 2934 sempi·
1083 2860 1146 2913 stus
1161 2857 1264 2914 dilexit
1279 2875 1343 2929 nos,
1359 2860 1388 2913 et
1403 2852 1524 2913 tradidit
1538 2857 1731 2931 semetipsum
1745 2871 1791 2928 pro
1810 2849 1872 2908 uobis
1908 2853 1909 2916 i

202 2952 306 3006 ternus
319 2947 381 3004 dies
394 2947 436 3004 itu
450 2947 592 3004 membris
606 2947 811 3008 occultabatur
828 2949 978 3018 humanis,
995 2953 1028 3006 ut
1082 2944 1258 3004 oblationem
1274 2950 1303 3002 et
1317 2946 1444 3003 hostiam
1468 2946 1536 3016 Dee,
1553 2947 1585 3004 in
1612 2945 1727 3004 odorem
1751 2937 1871 3000 suauitatis
1908 2933 1909 2984 T

201 3035 322 3096 laternis
336 3035 874 3110 etiaoihusquerereturoccidendusa
887 3037 1025 3095 tenebris.
1082 3037 1146 3104 (isc.
1162 3035 1200 3107 v).
1219 3059 1232 3086 u
1908 3035 1909 3040 ’

200 3147 215 3176 «
231 3125 290 3199 Ego
305 3141 382 3188 sum,
402 3146 416 3177 u
432 3124 513 3190 dicit,
528 3124 671 3198 ctimpios
680 3126 793 3198 dejecit.
801 3126 1027 3199 Ouidjudioatu·
1120 3147 1130 3175 ι
1147 3124 1258 3182 Cohors
1273 3141 1351 3198 ergo,
1368 3125 1551 3196 ettrihuuus,
1568 3121 1873 3182 etministn'iudeeruu

199 3231 251 3272 rus
266 3213 839 3288 iactet,quijudieendushooieeit?quid
851 3195 1063 3289 regnaturusC
1083 3236 1097 3265 «
1114 3213 1398 3286 comprehenderunt
1426 3214 1529 3270 iesum
1557 3218 1588 3270 et
1613 3213 1772 3289 ligaverunt
1792 3223 1873 3265 eum·
1908 3221 1909 3300 p

200 3303 316 3376 poterit,
333 3303 382 3374 qui
399 3302 560 3360 meriturus
576 3302 629 3358 hoc
646 3304 759 3375 potuit?
774 3305 809 3360 itt
824 3321 902 3360 nunc
918 3305 1028 3378 ubique
1082 3301 1371 3373 comprehenderunt
1385 3302 1421 3358 ud
1437 3317 1524 3376 quem
1545 3305 1742 3366 accesserunt,
1767 3295 1876 3370 quonian
1908 3319 1909 3372 3

201 3408 254 3463 per
267 3390 474 3464 Evangeiium:
491 3413 505 3442 u
519 3391 579 3463 Ego
594 3407 671 3457 sum,
690 3413 704 3442 u
720 3393 791 3448 dicit
805 3393 950 3460 Christus,
968 3397 1029 3450 eta
1083 3389 1145 3447 dies
1161 3389 1218 3460 iilo,
1235 3390 1277 3446 ilii
1291 3406 1358 3446 uero
1369 3379 1877 3466 tenebrepermanseruntueeaudie-

202 3478 312 3535 iudeis
327 3483 511 3550 exspectatur
525 3479 735 3545 Antichristus,
750 3484 784 3535 ut
799 3484 875 3536 retro
897 3481 1026 3552 redeant,
1083 3468 1878 3548 runtzudceediteadeum,otiiluminamini(i³sai.urrini»
1908 3513 1909 3520 ο

204 3570 233 3624 et
246 3566 276 3623 in
290 3569 399 3624 terram
413 3567 531 3623 cadant.
547 3566 890 3640 Quarequiueneruutad
901 3585 1029 3643 compre·
1083 3569 1165 3634 Tunc
1180 3571 1289 3636 autem,
1306 3568 1424 3642 quando
1437 3566 1487 3624 illo
1502 3568 1591 3624 mede
1606 3585 1676 3626 eum
1687 3559 1879 3638 comprehendr-

205 3654 394 3712 hendendum
409 3669 468 3712 uon
482 3659 648 3722 tenuerunt,
664 3655 929 3728 oquoaudierunt:
946 3680 961 3708 u
971 3659 1028 3732 lige
1083 3660 1162 3723 runt,
1178 3655 1698 3728 tuucabentongiusdiseesserunt.u
1708 3646 1877 3726 attigui-erunt
1908 3657 1909 3720 j

206 3743 294 3800 sum?
308 3764 323 3801 u
339 3741 382 3800 lili
397 3742 567 3815 querebant
580 3759 648 3800 eum
664 3744 946 3817 comprehendereet
957 3748 1029 3804 ecei·
1083 3762 1161 3812 eum,
1179 3767 1194 3796 u
1209 3763 1226 3800 a
1240 3744 1374 3819 quosoivi
1382 3745 1480 3817 potius
1487 3743 1559 3801 uelle
1567 3745 1744 3802 debuerunt.
1753 3742 1880 3810 Postquam

204 3833 283 3897 dere,
299 3831 340 3888 iiii
356 3831 505 3905 querebat
519 3849 569 3890 oos
583 3833 726 3890 redimere
740 3839 769 3892 et
784 3833 936 3904 duceres,
962 3852 1029 3908 pro·
1084 3837 1294 3908 persecutores,
1305 3833 1530 3901 tradenteJuda,
1546 3833 1789 3906 comprehensum
1808 3821 1879 3882 beni·

203 3925 268 3994 pter
283 3921 360 3994 quod
375 3919 454 3978 veuit
469 3922 506 3978 ad
521 3938 574 3978 uos
601 3922 941 3996 Ostenditquerentibus
952 3929 1029 3997 pote-
1083 3915 1880 3996 numligaverunt,quiuesdilexitettradiditsometipsuu

203 4014 322 4077 statem,
335 4010 405 4084 quia
419 4008 523 4066 hebuit
535 4011 564 4066 in
581 4015 723 4085 potestate
738 4011 867 4068 unimam
879 4029 964 4070 suam
978 4029 1028 4087 po·
1083 4011 1475 4086 pronubis,etouiPaternen
1487 4011 1629 4084 pepercit,
1641 4011 1692 4068 ssd
1703 4003 1881 4085 prouehisoro·
1908 4013 1909 4016 ¹

203 4115 282 4166 nere,
297 4097 417 4172 quaudo
432 4099 540 4172 posuit,
557 4099 630 4158 hora
644 4100 1030 4172 pussiouisostcndit,utuo·
1084 4101 1173 4158 nibus
1187 4100 1310 4156 tradidit
1323 4116 1406 4156 eum:

204 4193 270 4245 stre
293 4187 503 4261 redemptionis
517 4187 688 4262 impleretur
703 4190 886 4263 mysterium.
1119 4212 1134 4240 «
1149 4189 1342 4245 adduxerunt
1354 4190 1389 4245 ad
1417 4191 1529 4246 donam
1555 4187 1701 4262 primurn.
1719 4209 1733 4238 u
1757 4185 1808 4240 Nec
1825 4175 1882 4234 euim

242 4301 256 4329 u
274 4277 382 4335 lterum
398 4293 467 4350 ergo
480 4293 531 4334 eos
545 4276 750 4352 interrogavit:
768 4279 1029 4352 QuemquerItistu
1083 4279 1211 4334 ioannes
1225 4276 1313 4334 istam
1328 4281 1405 4333 tacet
1419 4293 1537 4334 causam
1553 4261 1883 4349 quareheciecisseutdi·

205 4365 234 4422 Si
248 4365 390 4438 queritis,
406 4381 497 4438 quare
512 4381 569 4422 nou
582 4366 878 4438 apprehenditis,nisi
891 4367 1029 4441 quianon
1084 4383 1168 4423 cens:
1737 4411 1738 4414 η
1878 4435 1883 4446 1

205 4460 252 4512 est
265 4453 295 4512 iu
310 4459 408 4512 vestra
422 4458 564 4527 potestate
578 4455 816 4526 apprehendendi
831 4456 913 4526 hora,
933 4455 983 4513 sed
999 4457 1029 4514 iu
1120 4479 1134 4506 a
1152 4456 1219 4511 Erat
1232 4455 1309 4511 enim
1326 4471 1408 4511 socer
1422 4453 1546 4526 faiphe,
1562 4454 1613 4527 qui
1631 4458 1696 4510 eret
1711 4448 1884 4526 pontiiersunt

163 4591 173 4606 .
205 4544 271 4614 ejus
285 4541 336 4614 qui
350 4542 429 4600 veuit
442 4546 476 4599 ut
489 4543 746 4615 apprehendatur?
1044 4564 1067 4628 D
1085 4565 1099 4595 ο
1115 4543 1205 4600 iliius.
1222 4545 1288 4598 hirst
1299 4547 1396 4598 autem
1403 4541 1587 4616 Caiphasqui
1599 4541 1759 4598 consilium
1773 4529 1886 4592 deditiu-

241 4654 255 4682 α
274 4630 694 4690 lliiautemdixeruntziesum
702 4632 1028 4708 Nazarenumitespou-
1084 4655 1098 4684 o
1115 4632 1195 4700 deis,
1209 4631 1279 4704 quia
1292 4631 1408 4704 expedit
1424 4647 1518 4687 unum
1534 4626 1688 4687 hominem
1705 4625 1776 4685 mon'
1790 4637 1834 4698 pro
1848 4631 1886 4690 9⁰·

205 4743 220 4772 α
236 4720 280 4778 dit
294 4721 397 4778 Jesus:
415 4720 480 4776 Dixi
494 4719 577 4776 vobis
593 4719 661 4792 quia
676 4737 729 4794 ege
753 4738 829 4779 sum.
847 4723 877 4779 Si
898 4739 966 4797 ergo
982 4739 1029 4779 me
1085 4743 1098 4771 ι(
1115 4719 1194 4794 puio.
1210 4742 1224 4770 u
1240 4719 1350 4776 Ductus
1365 4720 1455 4778 estad
1470 4718 1585 4776 Annam
1601 4719 1747 4792 primum,
1767 4719 1794 4772 st
1806 4711 1885 4786 postca

206 4831 220 4859 κ
237 4809 379 4882 queritis,
395 4809 482 4866 sinite
496 4807 551 4866 hus
576 4808 666 4866 abire.
687 4833 697 4858 ι
714 4809 852 4868 iuimicus
876 4811 982 4880 videte,
1002 4816 1032 4867 et
1084 4810 1120 4866 ud
1136 4809 1288 4884 Caipham,
1305 4813 1337 4865 ut
1350 4808 1483 4883 cognatio
1499 4807 1655 4882 sanguinis
1672 4805 1788 4864 sceleris
1801 4815 1843 4857 eut
1856 4793 1886 4848 ii·

205 4897 260 4952 boe
277 4899 389 4955 iaciunt
403 4898 481 4970 quod
492 4899 594 4970 jubet:
611 4897 699 4955 sinite
713 4898 767 4954 hos
783 4899 863 4956 abire
878 4917 957 4973 quos*
971 4917 1028 4956 nou
1083 4903 1161 4955 caret
1175 4902 1335 4956 consortes.
1352 4897 1451 4971 Moyse
1462 4898 1596 4969 Jubeute,
1611 4899 1792 4970 preceptum
1806 4883 1887 4978 emitti

205 4984 268 5041 vult
283 4986 385 5068 perire.
403 4986 541 5059 Nunquid
557 4991 655 5044 sutem
671 5003 728 5044 nen
744 4990 1029 5062 erentposteemori·
1083 4987 1237 5059 pontiitces
1252 4985 1385 5059 patribus
1400 4986 1597 5052 succederent,
1616 4989 1651 5042 ut
1670 4975 1852 5058 generationis
1864 4985 1885 5022 111

206 5073 286 5127 turi?
302 5073 435 5148 Curergo
450 5077 474 5130 si
500 5082 568 5132 tunc
592 5083 784 5145 morerentur,
812 5079 946 5150 perderet
968 5095 1027 5147 eos,
1083 5075 1286 5132 sacerdotibus
1302 5075 1391 5131 series
1406 5077 1637 5130 conservaretur.
1652 5073 1753 5130 Reiert
1766 5060 1886 5154 Josephtis

206 5158 264 5216 nisi
280 5161 350 5232 quia
365 5164 495 5218 noudum
510 5163 540 5220 in
557 5182 623 5224 eum
639 5166 681 5222 sic
699 5165 866 5232 credebant,
883 5167 1030 5239 quomodo
1084 5164 1174 5221 istum
1190 5163 1331 5236 Caiphem
1347 5161 1435 5219 unius
1449 5161 1688 5219 tantumaunieh
1703 5150 1888 5224 deridemur

105 5265 110 5276 ’
206 5248 330 5307 &edulii
344 5250 512 5323 quicunque
528 5270 585 5309 nou
603 5255 746 5326 pereunt?
1084 5252 1243 5310 redemisse
1258 5251 1465 5308 sacerdotium.
1481 5251 1543 5307 Non
1560 5255 1603 5307 est
1616 5265 1691 5324 crgo
1704 5247 1809 5304 mirum
1823 5237 1842 5296 si
1851 5229 1889 5290 ini·

242 5360 256 5390 a
272 5336 448 5412 Simouergo
458 5340 1029 5418 Petrus,habensgludium‚eduxiteum,
1084 5359 1161 5415 quus
1172 5339 1301 5414 pontifex
1315 5340 1451 5412 iniquum
1464 5339 1621 5412 judicaret.
1635 5339 1720 5412 Saepe
1730 5333 1778 5419 qui
1788 5343 1834 5404 per
1842 5335 1890 5380 tii·

206 5449 220 5480 α
236 5431 266 5484 et
279 5427 425 5499 percussit
440 5428 586 5502 pontificis
600 5439 763 5501 servum,et
773 5435 1028 5506 absciditejusau-
1084 5429 1182 5486 ritiam
1197 5429 1437 5486 adsacerdotium
1447 5423 1890 5500 secedit,perinjustitisnreur

206 5538 221 5570 u
234 5514 357 5576 riculam
372 5515 531 5580 dexteram.
548 5519 616 5574 Itrat
630 5525 729 5578 autem
745 5540 851 5581 noman
861 5540 942 5580 serve
957 5522 1029 5582 Mai·
1084 5520 1176 5576 turin
1191 5535 1235 5586 ee,
1253 5523 1286 5575 ut
1300 5517 1476 5577 sceleratum
1492 5515 1607 5573 initium
1634 5514 1754 5572 funesto
1773 5510 1825 5566 fine
1838 5513 1890 5590 φῦ·

204 5629 220 5670 u
235 5605 320 5668 ehoe.
333 5627 348 5660 u
364 5605 449 5668 Seius
464 5605 512 5666 hie
526 5607 704 5684 evangelista
717 5610 804 5670 etiam
827 5628 932 5671 nomen
952 5611 1027 5672 servi
1086 5612 1263 5668 summetur.
