4034 6180
97 340 159 408 ass
470 423 483 430 ,
574 342 626 407 us
648 333 873 409 terrarius
895 335 1111 412 treeonna.
1135 384 1173 393 -
1198 345 1269 413 ars.
1293 347 1331 412 n.
1455 301 1458 306 ’
1746 351 1821 428 ιιι,

96 477 222 534 connasci
245 479 277 532 tu
301 471 425 545 lucidus,
442 475 542 532 omnia
565 473 720 550 desperata
743 479 775 534 tu
799 475 924 535 animas.
938 475 967 548 Α
981 491 1072 536 coium
1086 483 1203 538 Desino
1223 483 1273 554 poi
1284 483 1350 555 [ecit
1364 497 1412 539 noe
1428 481 1512 556 (Pani.
1526 483 1612 556 nors).
1628 480 1664 542 lit
1676 485 1803 543 iterum:

96 555 326 640 opertanea,
347 563 517 622 rutilantior
539 573 620 636 auro,
647 561 829 640 splendidior
852 567 923 637 sola,
979 561 1101 626 baereat
1127 571 1199 627 miti
1214 571 1347 646 lacryma
1360 583 1430 630 mee
1451 584 1537 645 panes
1560 571 1603 628 dic
1626 575 1806 642 conatast

96 657 188 730 quam
200 659 263 712 non
283 653 373 710 tinnit
387 657 550 728 peceatum,
565 666 619 712 nec
643 649 769 713 dedictlo
794 658 923 731 superat,
976 659 1071 731 potam
1088 671 1178 715 meam
1193 671 1255 716 cam
1269 661 1336 732 tiata
1350 661 1507 728 miscebam,
1531 665 1701 734 stratumque
1715 677 1807 720 mcum

96 751 150 802 bae
181 742 347 817 desperatio
375 733 461 800 delet.
492 743 665 801 Paenitentia
693 743 805 819 respuit
831 745 924 802 avari·
977 741 1163 818 paroinpaloa
1190 749 1281 804 nodet
1310 749 1440 821 lampenis
1468 743 1564 818 ripole
1592 746 1679 812 (Paul.
1699 751 1747 821 cr).
1773 747 1807 806 iti

95 833 180 902 tinam
209 831 311 889 barret
348 825 506 900 luxuriem,
541 831 616 916 lingit
649 832 788 899 insomni,
827 831 926 892 tlrrnat
980 834 1106 892 iterum:
1132 834 1212 906 baua,
1237 838 1323 893 attam
1346 853 1435 892 merum
1457 835 1671 908 auctiouttibi‚·
1692 837 1808 912 pontini

96 928 240 988 amorem,
254 917 348 976 caleat
357 919 537 994 superbiam,
552 915 685 994 linguam
697 923 835 992 eontinet,
848 935 927 980 com·
980 920 1117 998 lacrymae
1140 940 1215 982 meos
1229 927 1259 982 ie
1273 933 1415 1000 conspecta
1436 929 1482 982 tao
1504 925 1590 995 (sset.
1605 925 1662 1001 tv).
1687 927 1809 1002 Oportet

95 1005 180 1086 pouit
193 1019 303 1076 mores,
319 1001 382 1065 odit
396 1003 551 1078 malitiam,
563 1003 850 1068 eaoladltlnuidiarn.
860 1008 926 1068 Pen·
980 1011 1070 1087 igitur
1097 1029 1151 1072 nos
1176 1011 1300 1071 salutem
1325 1017 1457 1070 naaman
1471 1013 1572 1087 ingere
1588 1015 1747 1088 perditam,
1763 1016 1807 1072 at-

96 1089 174 1156 leutn
186 1097 360 1173 paenitentia
379 1098 461 1171 'cogit
487 1101 668 1172 peecatorem
684 1099 784 1156 omnia
800 1097 927 1158 libenter
980 1109 1037 1174 que
1052 1099 1180 1158 animam
1196 1107 1327 1159 nostram
1344 1105 1491 1158 mortuam
1506 1099 1673 1174 lamentari,
1690 1103 1723 1159 ut
1738 1115 1806 1160 cunr

96 1177 422 1257 suderne3siuiolantus
433 1189 544 1260 querat
554 1197 618 1261 qus
626 1185 724 1255 habet,
734 1201 792 1246 aon
801 1191 887 1258 vetat3
897 1188 925 1246 st
980 1186 1198 1247 deboeseoulo
1214 1189 1353 1248 abstraatt
1369 1189 1524 1259 fuerimus,
1535 1185 1577 1248 ni
1589 1191 1678 1248 vitam
1695 1204 1808 1266 merea*

94 1281 208 1334 sestam
219 1272 575 1350 demat,nonrelragetur.
587 1272 764 1334 Parautienti
775 1273 925 1336 manilium
980 1295 1048 1336 mur
1062 1279 1211 1353 pervenire
1224 1283 1407 1353 perpetuant.

94 1366 207 1441 praebet
220 1369 250 1422 at
268 1363 400 1432 alteram,
412 1363 582 1439 angariatus
597 1365 675 1422 ultro
690 1357 818 1439 adjiciet:
834 1365 925 1423 castl-
1277 1362 1394 1425 CAPUT
1413 1361 1506 1424 Lxl'l.

93 1461 184 1530 ΒΜ
198 1454 309 1528 Silili&
332 1453 404 1528 ³832·
424 1457 598 1528 PP⁰V⁰0⁸l¹¹³
625 1453 712 1524 “⁰022
736 1457 927 1527 impetitu!
980 1459 1039 1539 (tat
1051 1467 1108 1521 aiat
1122 1467 1230 1538 [matus
1254 1460 1336 1536 dipni
1358 1467 1539 1538 penitentiae.
1560 1467 1603 1523 voi
1617 1465 1737 1541 qualiter
1743 1473 1808 1542 pou

94 1535 257 1601 blanditur.
273 1530 423 1614 Superiori
437 1529 766 1616 supplessetini'eriori
782 1539 924 1616 subjacet.
1063 1573 1066 1583 .
1173 1538 1231 1592 vim
1244 1539 1361 1607 repetam
1374 1535 1506 1596 caiuma
1516 1543 1613 1611 potest.
1680 1567 1682 1572 ·

94 1633 128 1688 Iu
144 1632 232 1688 corde
255 1629 320 1703 ejus
348 1628 484 1687 contritio
508 1634 562 1698 est,
588 1630 618 1686 in
648 1642 697 1687 ore
725 1621 880 1700 eontentio,
894 1632 929 1688 in
1016 1631 1118 1707 (Gr-cp.)
1132 1628 1522 1708 esatuatoannsssapesa
1537 1639 1565 1692 et
1579 1635 1696 1693 Domini
1712 1635 1805 1694 nosttl

94 1735 184 1795 opere
192 1723 256 1777 tote
272 1713 436 1776 humilitas.
450 1714 517 1775 ileo
532 1721 576 1776 est
586 1720 714 1792 perlecta
728 1721 757 1777 et
778 1711 927 1778 brettias
978 1722 1049 1779 Jesu
1062 1734 1224 1794 precursor
1238 1723 1273 1780 ad
1286 1721 1390 1780 ‘turbas
1416 1721 1546 1798 loquitur
1566 1721 1686 1782 dicens:
1714 1719 1806 1784 Petite

93 1805 259 1884 poenitudo.
272 1799 323 1866 bio
333 1807 511 1881 penitentie
520 1807 685 1881 praestitum
696 1811 752 1878 eat,
769 1806 847 1866 Deus
862 1817 927 1866 esu·
980 1825 1043 1882 erpo
1055 1813 1162 1884 (metra
1174 1811 1271 1884 dipaoe
1283 1815 1454 1886 penitentie
1468 1813 1572 1886 (boet.
1584 1817 1639 1885 nr).
1653 1813 1687 1872 ln
1698 1813 1813 1888 quinne

94 1898 187 1955 rienti
201 1897 395 1965 nutritorem,
418 1894 528 1954 sitienti
552 1899 678 1970 potator.
701 1895 831 1970 Sapienti
848 1897 927 1972 quod
982 1899 1078 1956 verbis
1093 1905 1196 1957 notum
1215 1904 1270 1968 est,
1287 1902 1364 1976 quod
1380 1899 1494 1958 amiens
1519 1901 1619 1976 sponsi
1635 1917 1694 1960 uon
1709 1901 1811 1962 solnm

95 1987 227 2046 stultum
237 1990 359 2060 putatur
372 1983 460 2060 sapit,
476 1987 555 2059 quod
570 1985 654 2042 triste
668 1990 714 2043 est
729 1986 833 2060 placet,
850 1989 927 2061 quod
978 1989 1096 2046 tructus
1106 1989 1294 2063 poenitentiae,
1306 1989 1356 2046 sed
1368 1986 1474 2063 dignos
1486 1989 1810 2064 ponitentieadmonet

94 2076 190 2134 molle
203 2081 250 2134 est
264 2073 490 2149 displicet‚quod
501 2073 667 2132 nummosi
676 2073 821 2134 borreto
836 2077 928 2149 paeni·
982 2093 1046 2134 esse
1063 2075 1221 2134 lacernas.
1238 2077 1323 2134 Aliud
1340 2085 1468 2152 namque
1482 2083 1528 2136 est
1550 2077 1680 2137 matam
1705 2081 1809 2151 lacere,

94 2165 204 2235 tentia,
219 2159 427 2222 misericordie
443 2167 547 2234 mater,
563 2169 593 2221 et
608 2163 750 2238 magistra
774 2165 928 2236 virtutum,
983 2163 1062 2222 aliud
1073 2165 1196 2238 dignum
1207 2165 1383 2239 poenitentia
1393 2167 1497 2226 tatere.
1509 2163 1546 2224 Ut
1555 2169 1633 2225 euim
1648 2167 1813 2228 seeundum

95 2267 210 2330 magna
230 2255 323 2311 ubera
345 2257 396 2310 tua
411 2252 519 2327 quibus
544 2265 609 2311 reos
627 2252 760 2320 resolvis,
778 2268 811 2310 an
833 2255 929 2312 relisis
983 2253 1731 2330 dignaspoenttantiatructusloquamur,seiendnm
1741 2257 1812 2331 quia

94 2341 317 2418 delinquentes,
340 2338 441 2414 lapsos
463 2341 586 2410 relevas,
611 2357 725 2399 recreas
748 2343 928 2416 desperatos.
984 2343 1118 2416 quisquis
1129 2341 1320 2400 illicitanuila
1330 2343 1631 2418 commisit,bnicjure
1640 2342 1814 2404 ‹tonceditut¹

94 2425 156 2491 Per
169 2438 199 2490 te
221 2429 323 2501 Ilauid,
340 2435 407 2506 post
424 2427 572 2506 flagitium
587 2423 665 2500 felix,
693 2432 800 2488 iterum
822 2429 931 2506 recepit
985 2434 1018 2488 ut
1030 2430 1119 2488 licitis
1148 2436 1257 2489 utatur.
1274 2431 1380 2506 Sisque
1409 2433 1527 2507 pietatis
1553 2449 1641 2508 opera
1663 2433 1763 2505 iaciat,
1779 2440 1813 2492 nt

95 2515 244 2598 Spiritum
261 2523 408 2578 sanetum.
425 2519 479 2576 Per
493 2524 522 2577 te
537 2515 699 2590 Manassae,
729 2525 796 2594 post
810 2527 932 2579 cruenta
984 2521 1122 2577 tamensi
1138 2519 1340 2590 nonuoluerit,
1357 2537 1470 2595 eaquae
1485 2523 1588 2580 mundi
1601 2528 1676 2580 ⁴ttrtrrt
1690 2537 1749 2582 non
1767 2541 1812 2580 re·

95 2609 313 2680 lucinom‚ecce
327 2609 509 2666 mersitonae
519 2604 706 2682 receptibilla.
718 2609 773 2666 Pet·
783 2613 815 2666 to
828 2609 931 2667 Petro's
985 2609 1117 2682 linqnut;
1132 2613 1162 2665 at
1177 2609 1203 2666 si
1216 2611 1285 2682 quis
1300 2609 1331 2665 in
1354 2607 1555 2667 fornicationis
1572 2606 1668 2684 culpa,
1684 2613 1729 2668 vol
1754 2611 1814 2668 pop.-

96 2698 266 2774 apostolus,
283 2701 439 2772 postquam
453 2701 497 2754 ter
512 2697 637 2772 negavit,
655 2697 723 2754 data
738 2703 782 2754 est
796 2697 822 2754 ei
838 2695 932 2754 indul·
985 2703 1063 2755 iesse
1080 2699 1169 2770 (quod
1189 2701 1234 2754 eet
1247 2697 1375 2772 grauius)
1392 2697 1422 2753 iu
1438 2695 1615 2754 adulterium
1641 2699 1742 2772 lapsus
1757 2703 1812 2768 est,

97 2789 212 2864 gentis
223 2789 352 2846 dextera.
370 2784 424 2844 Per
435 2791 464 2843 ts
480 2787 559 2843 lilius
574 2785 716 2860 prodigus
728 2795 880 2860 regressus
895 2779 932 2850 ed
986 2790 1067 2843 tanto
1083 2801 1100 2842 u
1115 2801 1145 2843 se
1158 2785 1238 2844 licita
1251 2786 1336 2842 debet
1344 2784 1527 2856 abscindere,
1538 2790 1648 2859 quanto
1659 2801 1691 2843 se
1703 2787 1813 2843 mauris

99 2883 232 2954 pumen,
250 2889 309 2932 non
325 2874 421 2932 solum
444 2865 611 2948 amplexum
626 2873 819 2948 osculumque
840 2879 933 2950 pater·
987 2875 1030 2932 nit
1044 2879 1073 2932 et
1086 2873 1188 2932 illicita
1202 2877 1393 2948 perpetrasse.
1409 2869 1510 2947 Neque
1522 2873 1603 2931 enim
1620 2887 1678 2948 par
1692 2873 1816 2932 *nudus

98 2957 253 3037 num,sed
269 2965 357 3022 etiam
371 2963 491 3037 epulum
505 2961 590 3019 uituli
605 2961 856 3038 saginatlinsigne
866 2980 932 3038 pro·
986 2965 1054 3021 boni
1071 2964 1166 3037 operia
1180 2979 1244 3020 esse
1259 2963 1345 3020 debet
1358 2965 1422 3036 ejus
1437 2963 1488 3036 qui
1509 2964 1620 3034 mirus,
1641 2967 1669 3021 et
1682 2965 1748 3037 ajne
1762 2961 1816 3036 qni

98 3055 215 3115 memnii
241 3049 376 3127 adipisci.
393 3053 447 3110 Per
459 3057 489 3110 te
517 3050 623 3108 mulier
648 3051 807 3110 'fornicaria
828 3054 933 3111 uberes
987 3047 1114 3124 anrplias
1130 3049 1265 3123 deliquit,
1282 3057 1331 3108 aut
1346 3051 1410 3123 ejus
1426 3047 1477 3124 qui
1488 3049 1588 3121 nullis,
1604 3053 1707 3125 eteius
1721 3052 1815 3126 qrriin

97 3137 229 3203 stillavit
240 3136 399 3216 lannmas,
419 3141 588 3214 fontemque
603 3141 648 3197 sui
663 3135 853 3214 baptismatis
866 3157 933 3215 prn·
988 3137 1165 3213 quibusdem
1182 3137 1362 3197 boinoribus
1378 3137 1490 3197 cecidit.
1510 3137 1565 3196 Per
1581 3137 1637 3198 boe
1649 3155 1720 3216 erge
1733 3138 1816 3216 quod

96 3223 273 3292 nunaunt
290 3231 379 3305 pedes
400 3225 519 3298 chrisi,
543 3229 674 3286 crinibus
697 3230 816 3303 quidem
838 3201 969 3289 tarsitii
989 3227 1115 3285 dieitur:
1142 3228 1238 3286 Facite
1265 3243 1334 3302 ergo
1353 3228 1467 3286 duatus
1497 3225 1602 3303 dignos
1623 3229 1814 3308 penitentias,

96 3321 161 3381 Per
175 3314 327 3379 te'liiniva
348 3307 452 3375 c'irdtas
479 3328 588 3392 magna
615 3315 800 3392 populusque
823 3319 937 3394 integer
990 3311 1817 3390 intuentesqueconsecratacommittanctantorru

97 3403 298 3470 barbarorum
312 3407 409 3476 subito
421 3405 513 3464 Deum
524 3407 631 3481 sapuit,
643 3408 842 3481 uirtutemque
851 3411 935 3466 tuam
986 3407 1052 3479 Jora
1067 3411 1178 3479 querat
1192 3407 1336 3463 bonorum
1352 3420 1441 3478 opera
1450 3403 1592 3480 meroper
1601 3405 1814 3480 poenitentiam,

96 3501 209 3570 sensit,
220 3493 338 3557 odorem
348 3493 794 3571 tuumuccepit‚·saporsmtuum
806 3495 934 3567 strinxit,
990 3495 1243 3569 quantograsiora
1252 3492 1309 3552 sibi
1319 3494 1420 3551 intulit
1431 3495 1539 3552 damna
1549 3491 1816 3569 peraulpsmrdula

97 3583 383 3661 dulcedinem'tuem
394 3583 531 3660 gustavit,
543 3581 670 3642 cilicium
681 3589 766 3641 tuum
781 3587 934 3652 contraxit.
988 3591 1057 3642 iero
1066 3579 1101 3640 ad
1110 3598 1275 3657 magnanon
1282 3583 1505 3656 operoinannes
1511 3581 1817 3642 comanadensis

97 3680 254 3752 lacrymas
268 3681 335 3733 tuns
346 3669 491 3748 proludit,
507 3672 649 3747 gemitum
660 3675 746 3729 tuum
761 3673 937 3749 suspirium-
989 3675 1042 3731 dte
1050 3673 1260 3747 [manationes
1265 3673 1440 3746 penitentie
1450 3669 1552 3746 (ιιαιιι.
1567 3671 1622 3746 τπ);
1634 3676 1663 3730 et
1676 3687 1815 3731 rursum:

97 3775 164 3842 que
180 3765 336 3840 persensit,
348 3764 463 3820 leuatus
473 3761 616 3820 ubertatis
626 3766 683 3818 tue
696 3761 882 3836 abundanter
891 3777 935 3822 ex·
990 3763 1044 3832 Qui
1058 3762 1140 3818 natet
1153 3761 1221 3818 duce
1236 3763 1354 3832 tunicae,
1370 3763 1419 3820 det
1432 3779 1487 3820 non
1502 3763 1614 3820 trabeati
1622 3781 1635 3830 ‚·
1647 3763 1729 3837 etpui
1739 3759 1819 3820 ιιαιιι

97 3851 256 3923 dimitat
270 3853 316 3910 sic
327 3867 415 3927 opera
432 3856 483 3909 tua
496 3865 555 3907 non
572 3851 668 3908 solum
686 3849 809 3909 decretae
831 3851 935 3909 mortis
989 3867 1073 3920 cacas,
1088 3851 1221 3908 similiter
1233 3853 1321 3924 sociat
1336 3851 1412 3922 (buc.
1429 3853 1482 3927 τηις
1495 3855 1559 3926 jam
1583 3851 1716 3926 patenter
1730 3849 1821 3910 datur·

98 3943 269 4003 discrimen
276 3943 381 4012 evadi,
394 3941 444 3999 sed
457 3941 545 3998 etiam
557 3935 624 3996 tite
633 3939 789 4015 incognita
798 3951 934 3999 coronam
989 3933 1113 4013 intelligi
1129 3937 1199 4014 quid
1215 3939 1352 4012 estquod
1367 3937 1481 3998 Veritas
1498 3939 1586 3998 dicit:
1600 3941 1818 4002 ldtebasiooa·

97 4029 312 4109 accepitbnm
323 4029 454 4106 igiturin
464 4021 936 4104 beovltasnmuspgamuspten'i·
989 4029 1034 4084 ais
1050 4029 1180 4100 superte
1193 4041 1277 4099 rapae
1289 4035 1489 4098 autumpnum
1496 4029 1690 4086 culmumnim
1697 4033 1815 4102 paetum

98 4118 230 4183 tentiam
246 4121 314 4180 turn
327 4119 464 4195 lacrymis
474 4117 707 4188 etorationibus,
716 4119 850 4193 jejuniis,
863 4117 935 4176 eles
989 4126 1015 4175 ct
1027 4117 1144 4174 viobnti
1169 4119 1283 4190 rapiunt
1298 4115 1370 4173 iliad
1397 4117 1503 4190 (boui.
1519 4117 1570 4190 rr).
1596 4113 1668 4182 'Qus
1679 4128 1817 4191 superno

100 4214 252 4288 mosyen,
262 4209 438 4284 ‘tetmbqua
453 4207 538 4266 bonta
551 4207 690 4282 operibus
703 4217 757 4282 pro
771 4210 937 4282 peccatiset
989 4201 1233 4264 rsmasententia
1244 4205 1815 4279 nobissuntmagnoperepersorntanda.

98 4292 273 4362 sceleribus
282 4299 404 4368 n‘ostrls.
416 4307 457 4357 ne
472 4293 536 4358 stne
546 4299 604 4354 dne
615 4298 648 4354 in
664 4296 814 4372 perpetuis
827 4293 936 4355 tructe-
989 4287 1816 4367 Namquerendumeatquemodouimregnnrnuoelornm

100 4404 175 4448 mur
186 4389 296 4464 paenis,
314 4382 365 4444 ubl
378 4399 438 4443 nou
454 4390 499 4443 est
514 4384 694 4460 paenitentia,
705 4399 759 4442 nan
770 4383 831 4443 ulia
841 4385 936 4443 indul·
990 4383 1101 4458 perpeti
1117 4381 1220 4457 possit.
1235 4383 1309 4450 onis
1323 4381 1402 4440 enim
1416 4379 1487 4439 eaelo
1499 4379 1669 4439 videntium
1682 4375 1820 4456 nugat

98 4480 217 4555 gentis,
234 4477 285 4535 sed
301 4477 344 4533 ira
359 4479 388 4534 et
402 4475 465 4534 sine
479 4474 643 4534 cessatione
658 4475 814 4532 tormenta.
990 4475 1018 4530 cit
1031 4484 1137 4530 rursus
1162 4471 1353 4546 querendum
1368 4474 1413 4528 est
1433 4469 1457 4529 si
1471 4469 1532 4545 pati
1546 4471 1604 4527 rim
1621 4483 1743 4545 regnum
1756 4483 1817 4528 ooee

244 4576 248 4584 ·
411 4597 528 4656 CAPUT
550 4597 621 4655 LXV
948 4561 1213 4650 Dlorum‘potest.
1226 4562 1290 4618 (tur
1312 4559 1445 4617 eamdem
1466 4558 1526 4616 uim
1543 4557 1681 4617 adiebus
1695 4555 1821 4619 ioannis

624 4640 631 4654 ”
990 4651 1125 4724 baptiste
1141 4654 1170 4706 et
1184 4641 1249 4705 ‘d'ou
1273 4650 1362 4705 etium
1377 4652 1463 4706 antee
1477 4648 1638 4722 pertulerit.
1650 4649 1665 4705 ‘i
1678 4650 1733 4706 Sed
1749 4665 1816 4704 oum

158 4716 470 4777 ”elementiae
488 4717 680 4790 mamm
698 4718 879 4790 esembe-
989 4739 1037 4796 rsa
1051 4739 1148 4796 cisat:
1164 4739 1195 4795 st
1209 4739 1276 4813 qua
1288 4738 1352 4795 *nea
1367 4738 1473 4796 sarrana
1485 4737 1588 4796 *tenera
1603 4741 1696 4794 mose
1712 4737 1817 4794 moria-

138 4833 336 4909 Omnipotens
351 4831 428 4890 euim
442 4832 519 4890 Deus
534 4832 741 4890 contritionem
756 4833 871 4905 quaerit,
887 4833 935 4890 ile·
989 4832 1048 4896 tur,
1060 4827 1173 4884 eunctis
1184 4825 1460 4900 legentibusliquet‚
1472 4828 1542 4902 quia
1552 4832 1718 4901 peccatores
1729 4841 1817 4898 quoe·

95 4926 189 4983 tibus
204 4920 847 4996 deatitnr,1ugentcstatisscat,penitentibus
862 4933 936 4996 pru·
990 4932 1047 4992 quc
1059 4932 1148 4990 pona
1162 4933 1222 4974 sue
1238 4917 1400 4974 severitatis
1416 4915 1548 4991 perculit,
1566 4932 1625 4972 non
1651 4919 1749 4972 autem
1764 4931 1818 4988 per

96 5019 150 5074 sto
160 5018 218 5088 est,
229 5008 782 5088 magnusprolectuseatlacrymarum.
794 5010 935 5067 Plorando
989 5007 1191 5080 paonitentiam
1208 5006 1348 5062 advitam
1365 5005 1510 5079 perduxit.
1592 5023 1594 5030 ’

96 5113 212 5164 sersus
227 5101 365 5178 propitiat
383 5100 547 5170 domiuum,
564 5097 644 5156 lilius
657 5097 796 5173 lacrymis
820 5097 936 5173 mitigat
1022 5091 1815 5168 eumauremtoannasnsptista,nademptoriagratiam

94 5193 234 5270 patrem,
245 5195 274 5249 et
288 5207 423 5265 asperam
438 5191 562 5246 matrem
577 5186 696 5260 plorans
711 5186 850 5261 parvulus
863 5187 937 5245 mul·
991 5181 1816 5260 precurrens‚poenitentiumprodicatutpeoeator,quiex

93 5281 209 5342 cettan
228 5281 488 5356 etgt’et‘peto'ator
498 5275 630 5352 pmlnsis
645 5273 784 5351 lacrymis
805 5276 936 5334 minoret
990 5274 1132 5349 oulpaest
1144 5276 1279 5330 mortuus
1290 5265 1569 5345 persensarstonam
1584 5271 1674 5342 vivat,
1688 5274 1817 5346 proiecto

93 5365 432 5431 irenr‘Deiielornratus
442 5367 471 5423 ln
483 5365 557 5440 ipso.
566 5364 674 5424 Petrus
684 5377 811 5439 nomque
822 5364 935 5422 trinam
989 5375 1008 5420 c·
1016 5362 1235 5422 disbratommia
1247 5357 1814 5435 Baptistaerepaamcoeieramcitnpatitar.

92 5455 442 5535 negatio-nentaar‘ynts
457 5443 554 5513 diluit.
570 5451 780 5529 scriptumest
791 5449 891 5511 enirn:
905 5451 936 5512 dt
990 5451 1349 5524 onidestautemrsgnnur
1356 5447 1818 5524 roemrnmntsiloeustoetnrurni

90 5547 268 5610 resederat
284 5545 394 5618 saeua,
423 5549 491 5619 aa„
506 5541 587 5622 fleuit
608 5551 703 5602 amore
724 5541 818 5615 (bart.
840 5547 932 5614 nrm.
989 5541 1063 5599 subs
1078 5539 1157 5599 enim
1165 5539 1257 5613 jnstis
1270 5537 1400 5598 coelestis
1415 5539 1517 5614 petria
1532 5541 1651 5614 premia
1662 5537 1814 5607 debentur,

92 5638 200 5702 David
230 5639 308 5698 enim
338 5635 424 5697 dicit:
448 5637 549 5708 Venite,
579 5634 731 5704 meamea
751 5641 782 5716 et
795 5633 935 5714 ploremus
990 5635 1022 5692 ut
1030 5625 1168 5702 marles,
1180 5627 1265 5700 casti,
1277 5627 1475 5710 attenteque
1486 5627 1690 5690 misericordes
1701 5625 1738 5687 ad
1746 5637 1816 5704 pau·
