3950 6174
203 402 262 466 559
484 404 689 468 HAYMONIS
710 403 981 466 Heaeuasrar.
1004 402 1127 465 episc.
1151 403 1237 466 OPP.
1261 403 1363 468 PARS
1385 405 1423 467 li.
1439 405 1623 468 -iiottiu
1818 411 1866 472 itii

202 537 281 612 quod
297 553 352 594 nos
366 541 568 614 suggerentes,
584 536 614 592 id
640 541 684 593 est
697 536 906 610 supplicantes,
929 535 1027 592 iaciat.
1042 550 1069 616 Α
1084 535 1174 592 distat
1190 535 1264 592 inter
1278 553 1379 609 punem
1395 537 1498 592 mundi
1511 543 1541 594 et
1555 554 1651 610 pacem
1661 539 1716 595 liei.
1727 540 1775 597 ilat
1787 549 1867 602 aretem

202 625 346 694 Queritur
360 629 458 683 autem
474 626 619 700 quomodo
632 629 780 699 suggerat,
792 642 858 681 cum
871 640 1026 700 suggerere
1081 625 1474 682 mundussuisamatoribus
1483 642 1592 699 pacem,
1602 629 1711 700 quaudo
1720 635 1868 688 concordant

202 713 324 772 minoris
340 715 389 786 sit,
405 720 434 772 et
448 715 575 790 Spiritus
590 719 709 772 sanctus
732 714 853 788 equalis
869 713 947 770 Patri
963 729 1027 770 esse
1081 714 1204 770 adulteri
1214 731 1280 770 cum
1293 714 1629 782 adulteris,ehriosieum
1639 715 1759 788 ebriosis,
1770 734 1866 796 rapaces

201 799 359 866 credatur?
371 805 414 862 Ad
431 805 510 879 quod
525 804 681 861 dicendum
699 804 768 878 qnia
791 821 863 860 usne
876 804 928 860 iste
945 801 1027 860 locu·
1082 819 1149 859 cum
1163 805 1329 878 rapacibus,
1345 803 1498 860 homicide
1514 821 1579 862 enm
1594 805 1747 863 homicidis.
1758 809 1806 865 Sed
1820 811 1866 868 hec

200 892 289 950 donis
303 889 333 949 in
348 891 506 968 Scriptnris
521 893 613 950 sacris
636 893 803 966 frequenter
823 891 978 958 invenitur,
995 896 1028 946 nt
1081 909 1137 964 pax
1152 892 1187 948 ad
1204 897 1375 966 perpetuam
1390 893 1565 950 discordiam
1580 895 1667 964 ducit,
1682 900 1709 951 et
1722 893 1748 951 ln
1758 901 1866 970 prasenti

200 979 568 1055 hociicusagaredicatur,
581 983 699 1056 quodni
710 981 955 1057 nosagamnsille
966 997 1028 1053 per·
1081 981 1247 1054 frequenter
1256 981 1365 1056 jurgiis
1386 981 1570 1052 immutatur,
1587 986 1615 1040 at
1632 983 1776 1056 aliquando
1796 995 1868 1044 merle

200 1067 292 1140 liniae
308 1073 337 1127 et
349 1087 442 1141 orare,
459 1079 492 1128 ut
506 1089 559 1128 nos
574 1075 692 1128 orantes
706 1071 823 1128 eiilciat.
840 1071 922 1128 Sicut
947 1069 1025 1126 enim
1081 1069 1290 1126 interveniente
1301 1069 1411 1126 linitur.
1422 1070 1582 1127 Parautem
1594 1088 1678 1145 quam
1688 1073 1867 1142 Durninusdat,

199 1157 321 1232 Spiritui
337 1165 438 1216 saneto
450 1177 567 1234 gemere
577 1165 632 1230 est,
648 1177 681 1217 eo
693 1161 770 1234 qnod
787 1177 840 1218 nos
854 1161 890 1216 nd
907 1175 1026 1234 gemae·
1080 1156 1147 1214 etin
1158 1159 1292 1231 prasenti
1303 1159 1784 1233 amorefraternitatistrauquillum
1794 1165 1868 1221 reddit

178 1315 182 1330 x
199 1243 270 1303 dum
283 1247 395 1318 incitet,
411 1247 453 1305 sie
469 1265 625 1324 suggerere
640 1249 757 1318 dicitur,
779 1255 812 1306 eo
828 1250 906 1322 quod
921 1265 973 1304 uos
988 1249 1025 1304 ad
1081 1246 1212 1302 animum
1238 1246 1448 1314 Christianum,
1472 1249 1544 1305 etin
1561 1249 1657 1305 futuro
1672 1250 1705 1306 ad
1731 1251 1868 1310 societatem

198 1337 415 1412 suggerendum
427 1337 566 1406 instruat,
577 1339 606 1394 id
619 1342 663 1395 est
673 1355 706 1395 ea
717 1355 780 1410 quaa
789 1337 1024 1394 desuntnobisin
1080 1339 1226 1408 perpetue
1238 1334 1317 1408 pacis
1332 1335 1474 1408 perducit.
1487 1336 1581 1410 Igitur
1592 1335 1620 1392 lu
1631 1353 1698 1410 pace
1707 1337 1751 1394 liei
1762 1355 1810 1396 non
1821 1357 1869 1412 pre

196 1425 354 1483 virtutibus
364 1425 558 1500 supplicando
569 1426 716 1500 postulare
733 1427 865 1482 laudabili
875 1427 945 1499 quia
955 1443 1025 1500 sug-
1079 1429 1143 1497 pler
1158 1441 1288 1482 umorem
1303 1429 1462 1492 terrenum,
1487 1427 1538 1482 sed
1555 1431 1669 1499 propter
1683 1442 1773 1499 pacem
1795 1427 1867 1484 charl-

196 1527 295 1586 gerere
309 1512 467 1588 aliquando
478 1515 702 1571 subministrare
712 1515 847 1584 est,Putri
859 1514 1025 1588 eti‘ilioSpi·
1079 1513 1148 1570 tatis
1163 1513 1286 1569 invicem
1301 1530 1430 1570 amorem
1444 1513 1563 1582 hahent,
1580 1519 1612 1570 ut
1626 1515 1674 1587 qui
1689 1523 1868 1590 unumpatrenr

195 1601 1024 1680 ritussanctuscoaeternusetconsubstantialissuggerere
1079 1601 1188 1658 habent
1215 1604 1244 1657 in
1260 1601 1352 1668 omlis,
1368 1603 1428 1659 sint
1458 1603 1487 1658 in
1509 1621 1569 1660 una
1592 1621 1726 1678 compage
1748 1605 1869 1663 eharitatis

196 1687 314 1760 dieitur,
331 1708 364 1749 eo
385 1693 463 1766 quod
481 1693 566 1748 nohis
582 1693 710 1750 divinam
735 1693 886 1752 scientiam
911 1693 1024 1749 occulta
1079 1691 1226 1763 conjuncti
1238 1691 1268 1746 in
1283 1691 1379 1758 terris,
1392 1693 1468 1748 sicut
1479 1693 1516 1748 de
1529 1691 1675 1766 primitiva
1689 1691 1802 1751 Ecclesia
1814 1695 1870 1751 dici-

195 1779 389 1853 iuspiratioue
404 1780 561 1852 ministret,
576 1800 634 1838 non
646 1783 682 1839 de
692 1783 840 1846 deorsum.
855 1781 904 1838 sed
917 1782 952 1838 de
962 1799 1024 1838 sur
1078 1784 1144 1834 tur:
1163 1803 1176 1830 «
1194 1779 1392 1837 Multitudinis
1415 1781 1597 1840 credentium
1621 1787 1681 1839 erat
1705 1799 1751 1840 cor
1763 1801 1838 1840 unum
1849 1789 1870 1839 et

197 1885 274 1927 sum.
291 1867 373 1928 Unde
397 1887 449 1944 per
462 1870 631 1945 Apostolum
648 1871 775 1928 dieitur:
793 1895 807 1922 «
824 1871 957 1928 Charites
972 1870 1023 1927 Dei
1079 1869 1177 1924 anima
1193 1883 1252 1924 una
1268 1869 1333 1942 (det.
1351 1874 1399 1934 ιν).
1418 1893 1431 1920 n
1450 1870 1561 1926 Horum
1577 1887 1645 1945 ergo
1659 1888 1713 1945 pax
1726 1887 1773 1929 nee
1786 1871 1870 1946 jurgiis

198 1953 305 2014 diliusa
314 1959 543 2018 estiucerdibus
553 1960 715 2034 vestrisper
725 1959 866 2035 Spiritum
877 1963 1023 2030 sanctum,
1040 1921 1064 1986 B
1079 1957 1265 2024 immutatur,
1278 1975 1331 2015 nee
1341 1958 1496 2015 discordiis
1511 1961 1670 2033 rumpitur,
1685 1977 1734 2018 nec
1746 1965 1824 2018 morte
1837 1965 1871 2016 ln·

197 2045 247 2120 qui
263 2047 349 2104 datus
365 2051 410 2106 est
424 2047 507 2106 vobis
523 2051 610 2122 (dona.
627 2049 665 2122 v).
679 2073 692 2100 n
708 2049 867 2123 Postquam
881 2049 1025 2106 Dominus
1079 2047 1258 2104 tarvaniente
1273 2047 1385 2114 finitur,
1396 2049 1446 2104 sed
1463 2049 1564 2122 potius
1577 2052 1760 2106 confirmatur
1770 2067 1775 2106 :
1785 2055 1813 2106 ut
1824 2051 1871 2122 qui·

197 2132 1023 2212 Spiritumparaeietumsediscipuiispromisitdaturum,
1080 2135 1135 2190 hus
1151 2153 1243 2190 uuum
1259 2140 1303 2191 est
1318 2135 1496 2193 desiderium
1512 2137 1542 2193 in
1559 2139 1656 2206 terris,
1672 2140 1710 2194 sit
1722 2155 1803 2195 unum
1816 2155 1871 2211 pre

197 2222 332 2295 protinus
343 2239 445 2298 pacem
461 2223 804 2296 commendavit,dicens:
986 2293 989 2300 Ι
1080 2225 1171 2279 mium
1189 2225 1218 2281 in
1234 2225 1324 2295 caulis,
1342 2226 1455 2299 etquis
1471 2227 1626 2300 discipulis
1649 2229 1780 2284 Dominus
1792 2243 1870 2302 pacem

232 2334 246 2364 a
262 2312 365 2369 Pacem
381 2311 512 2388 relinquo
527 2313 620 2381 vohis,
636 2331 736 2387 pacem
753 2331 847 2370 meam
865 2315 1024 2371 devehis.»
1079 2314 1343 2382 commendaverat,
1353 2315 1871 2391 scianseistribulationasatangnsee

195 2401 1024 2478 ostendensquiailliejusSpiriiumacciperemerenturet
1079 2403 1685 2477 csseventuras,neinterpressurassaeculi
1704 2421 1795 2480 pacem
1809 2407 1872 2462 amit·

195 2489 1025 2565 tempiumSpiritussanetiheri,qnipacemiuviolntamet
1079 2494 1183 2560 terent,
1199 2493 1321 2548 verbum
1334 2493 1664 2566 exhortationisposuit,
1678 2495 1786 2553 dicens:
1801 2517 1813 2546 u
1825 2495 1871 2550 lion

195 2577 1025 2654 concordiamcnmfratribussenantpnxtaillneprophe·
1079 2603 1092 2630 n
1110 2581 1245 2638 turbetur
1258 2597 1305 2638 cor
1325 2589 1465 2652 vestrum,
1486 2597 1584 2656 neque
1606 2584 1746 2642 tormidet.
1768 2581 1871 2640 Audistis

194 2669 1024 2745 ticum:«superquamrequiescetSpiritusmeus,nisisu.
1079 2690 1092 2718 n
1109 2667 1179 2741 quia
1190 2685 1242 2741 ego
1253 2669 1310 2725 dixi
1321 2669 1422 2726 vobis:
1440 2671 1513 2727 vado
1524 2677 1554 2728 et
1567 2673 1654 2730 venio
1669 2673 1703 2729 ad
1717 2690 1795 2730 vos.»
1811 2671 1872 2728 llnde

195 2757 1023 2834 perhumilemetquietumettrementemsermonesmeos
1078 2773 1144 2813 curn
1161 2757 1230 2814 alibi
1242 2775 1291 2814 eos
1300 2759 1335 2814 nd
1347 2757 1512 2830 passionem
1521 2759 1698 2830 hortaretur,
1710 2761 1763 2818 ait:
1778 2785 1790 2811 v
1799 2759 1871 2816 Nolite

194 2846 259 2922 (leo.
274 2851 375 2918 uvat·
390 2847 471 2904 [inde
481 2848 647 2906 Joaunesiu
657 2867 710 2906 sua
718 2847 890 2922 Apocalypsi
902 2849 961 2922 (sic)
976 2849 1022 2904 di·
1076 2846 1181 2903 timore
1195 2863 1245 2903 eos
1260 2847 1309 2920 qui
1320 2847 1586 2922 occidunteorpus,
1598 2851 1724 2907 animam
1735 2855 1870 2907 autemnon

194 2938 247 2994 cit:
261 2934 457 2996 «inhabitabo
470 2938 499 2993 in
510 2936 570 2994 illis
581 2943 610 2995 et
620 2937 809 2994 inambulabo
820 2938 857 3010 (ll
870 2937 930 2994 Cor.
944 2939 993 3010 v1).
1008 2961 1021 2988 n
1077 2940 1203 3010 possunt
1225 2936 1355 2993 occidere
1371 2937 1472 3009 (haud.
1484 2937 1525 3010 x).
1543 2960 1557 2988 n
1574 2939 1611 2996 Et
1626 2939 1713 2996 item:
1730 2961 1744 2990 κ
1757 2937 1833 2995 Nolite
1844 2935 1870 2990 tl·

193 3027 252 3084 Pan
267 3029 363 3082 autem
388 3043 455 3083 veru
469 3031 523 3096 est,
549 3045 613 3100 qne
634 3026 716 3084 nullo
731 3028 827 3084 lurore
842 3028 1020 3097 accenditur,
1076 3025 1295 3098 more,pusillus
1306 3024 1871 3102 grex,quiacompiacuitpatrivestrodare

194 3111 275 3172 nulla
289 3116 491 3192 persecutione
514 3117 712 3191 perturbatur,
737 3117 786 3172 sed
812 3115 887 3172 iuter
901 3117 1022 3173 adversa
1076 3113 1157 3170 vobis
1169 3117 1440 3188 regnumltuean),
1455 3137 1468 3165 a
1484 3114 1597 3174 sciebat
1608 3117 1686 3174 enim
1697 3117 1762 3190 qula
1770 3129 1870 3189 qunam-

194 3203 283 3277 hujus
298 3203 399 3262 saculi
414 3205 608 3262 inconcussus
619 3208 678 3262 stat
690 3204 806 3262 animus
820 3205 1017 3262 Christianus:
1075 3203 1152 3276 plius
1161 3219 1212 3275 pro
1219 3201 1871 3281 ejusnominetribulationesetangustiassnell-

193 3293 333 3366 quoniam
347 3293 424 3350 sieut
439 3311 490 3368 per
505 3293 678 3366 Prophetam
693 3293 809 3350 dicitur.
831 3299 912 3351 ri‘ax
927 3284 1057 3351 multati
1077 3295 1188 3361 nerent,
1200 3309 1234 3350 ee
1245 3293 1339 3366 magis
1349 3291 1442 3366 gloria
1453 3309 1553 3350 eorum
1566 3298 1719 3353 cresceret.
1730 3292 1869 3362 Ouiasicul:

193 3379 384 3456 diligentibus
394 3381 488 3456 legem
500 3385 592 3450 tuam,
608 3386 637 3438 et
647 3399 704 3438 non
721 3387 764 3440 est
776 3381 834 3439 illis
845 3383 1017 3440 scandalum
1074 3405 1088 3432 n
1103 3382 1180 3438 Vasa
1196 3380 1278 3456 figuli
1289 3381 1393 3456 prohat
1404 3383 1515 3451 lernam
1529 3382 1570 3439 ita
1581 3383 1716 3442 homines
1726 3385 1812 3457 justos
1823 3383 1871 3435 tau·

191 3468 279 3541 (Paul.
295 3470 401 3542 exvnr).
419 3492 433 3522 n
451 3469 530 3526 lianc
546 3487 646 3543 pacem
662 3471 746 3544 quasi
762 3469 887 3544 speciale
909 3488 1018 3528 munus
1071 3469 1143 3526 tatio
1158 3469 1357 3526 tribulationis
1382 3469 1475 3542 (dccli.
1492 3473 1592 3536 xxiva).
1607 3495 1622 3524 n
1649 3475 1680 3530 ln
1705 3471 1798 3528 multis
1817 3467 1871 3525 loeis

191 3555 333 3613 Dnmiuus
344 3557 497 3632 discipulis
512 3559 744 3628 commendabat,
761 3560 877 3632 quaudo
893 3559 1015 3618 dicebat:
1071 3557 1219 3632 Evangelii
1230 3557 1448 3632 legimus,quod
1459 3559 1715 3618 eumDominusse
1725 3553 1871 3635 adiseipulis

194 3663 206 3692 ι
223 3638 331 3701 iiabete
347 3643 390 3701 sal
406 3646 436 3701 in
459 3645 596 3710 vobisut
615 3664 716 3720 pacem
732 3647 835 3704 habete
862 3647 939 3705 inter
966 3667 1017 3706 vos
1070 3645 1259 3720 corporaliter
1274 3662 1457 3704 recessumm
1474 3647 1594 3716 diceret,
1611 3667 1670 3707 nnn
1683 3647 1821 3722 ainegrari
1834 3645 1871 3700 dc

191 3729 215 3805 (l
227 3735 316 3789 Marc.
342 3733 392 3797 rx).
408 3754 422 3784 n
439 3733 474 3789 Et
496 3732 581 3790 item:
601 3757 612 3785 ι
630 3735 707 3791 Beati
722 3735 846 3809 pacifici,
874 3739 1015 3812 quoniam
1072 3735 1131 3791 lore
1142 3736 1241 3792 audire
1251 3735 1562 3810 poteraut.Uudecum
1574 3738 1644 3795 alibi
1657 3737 1785 3794 dixisset:
1796 3731 1871 3788 «iledo
1933 3727 1934 3732 ’

189 3819 242 3876 lilii
259 3819 308 3878 Dei
332 3821 514 3879 vocabuntur
537 3823 645 3894 (diutili.
659 3827 699 3893 v.)
716 3847 729 3874 n
745 3826 837 3891 Quam
853 3841 884 3883 se
897 3834 1016 3885 noverat
1071 3825 1105 3880 nd
1122 3841 1188 3880 cum
1201 3823 1250 3897 qui
1262 3840 1308 3881 me
1319 3823 1401 3880 misit
1412 3825 1499 3898 (loen.
1510 3825 1594 3898 vn),n
1607 3825 1744 3884 continuo
1752 3820 1870 3896 adjunxit:

188 3909 296 3968 habere
311 3911 361 3986 qui
377 3911 509 3968 dicebat:
527 3935 541 3964 a
554 3912 625 3970 Cum
636 3911 683 3970 his
698 3914 748 3987 qui
762 3913 885 3971 oderunt
900 3934 1014 3990 pacem,
1070 3936 1084 3964 n
1101 3913 1156 3970 Sed
1173 3914 1242 3986 quia
1257 3911 1318 3969 bec
1331 3911 1446 3971 locutus
1458 3931 1523 3970 sum
1533 3916 1629 3982 vohis,
1642 3908 1871 3986 tristitiairnplevit

187 4017 266 4059 eram
282 3999 421 4076 pacificus
432 4001 516 4075 (Paci.
529 4005 597 4074 aar).
610 4026 623 4053 n
635 4003 725 4076 Cujus
735 4005 872 4062 virtutem
883 4011 911 4062 et
922 4006 1015 4080 digni·
1069 4019 1118 4058 cor
1129 4006 1259 4059 vestrum
1275 4005 1363 4074 (ione.
1380 4007 1429 4076 vr).
1445 4025 1459 4054 n
1477 4003 1547 4060 iude
1568 4005 1683 4062 turbari
1698 4011 1728 4061 et
1745 3995 1870 4060 formidari

186 4091 276 4148 tatem
291 4090 412 4166 quidam
434 4091 553 4166 sapiens
577 4091 702 4150 breviter
714 4095 943 4168 comprehendit,
968 4097 1012 4152 di·
1069 4095 1212 4162 poteraut,
1229 4093 1305 4165 quod
1318 4109 1405 4165 quem
1417 4092 1486 4149 lotis
1497 4093 1869 4167 visceribusdiligebantase

186 4198 273 4241 eene:
1068 4197 1252 4238 recessurum
1282 4181 1449 4238 audiebant.
1475 4181 1530 4238 Sed
1546 4181 1628 4239 hunc
1644 4199 1744 4240 eorum
1765 4179 1869 4238 dolorem

221 4299 280 4360 Pu
294 4301 423 4360 animam
439 4301 542 4369 nutrit,
558 4301 661 4358 munet
677 4301 831 4358 concordia
845 4318 957 4385 paoem·
1068 4269 1192 4344 benigne
1207 4269 1275 4342 pius
1285 4272 1426 4344 magister
1436 4270 1617 4343 consolatur,
1629 4289 1697 4329 cum
1708 4271 1789 4329 dicit:
1800 4266 1868 4321 «h'on

221 4371 280 4428 Pax
295 4373 427 4446 reprimit
441 4372 508 4430 lites
523 4374 682 4430 concerdes
697 4371 786 4428 nectit
801 4377 830 4428 ct
845 4379 924 4429 rtem.
1067 4361 1202 4415 lulbsslffl'
1216 4375 1265 4414 ⁰⁰?
1278 4364 1408 4416 Vssfllfflm
1424 4360 1670 4432 neqUOsOPmldssl
1681 4383 1695 4412 ’‘
1707 4377 1756 4435 l>m
1769 4351 1870 4429 ⁸⁰i¹¹⁰d

221 4443 269 4498 Lis
283 4459 384 4516 pacem
401 4445 514 4512 meluit,
532 4443 637 4517 relngir
652 4444 799 4500 discordia
815 4461 925 4516 pacem.
1067 4449 1143 4505 dixi:
1162 4471 1176 4500 α
1191 4448 1263 4504 vado
1278 4454 1307 4505 ct
1321 4449 1404 4505 venio
1418 4449 1455 4506 ad
1471 4466 1531 4508 vos.
1544 4472 1557 4500 n
1574 4450 1603 4506 Si
1615 4451 1694 4507 euim
1706 4445 1869 4506 contristatur

220 4513 294 4570 Odia
308 4529 364 4588 ΡΜ
377 4513 469 4587 pellib
485 4519 600 4571 ‘fimum
616 4531 671 4587 1¹⁸⁸
685 4515 778 4571 ”Uim
791 4532 932 4572 “mmm-
1066 4537 1134 4610 quis
1144 4539 1214 4612 quia
1223 4554 1275 4612 rgo
1286 4539 1370 4603 vado,
1379 4537 1518 4595 letificari
1529 4539 1616 4596 debet
1631 4540 1702 4613 quia
1711 4533 1870 4607 veniejuxlu

220 4633 314 4706 Hujus
339 4629 454 4688 viduatis
469 4631 643 4688 suavitatem
658 4647 711 4688 nec
726 4647 803 4686 nunc
819 4630 902 4704 impii
917 4631 1011 4703 possi·
1027 4655 1050 4719 D
1066 4628 1137 4683 illud
1150 4627 1227 4700 quod
1240 4627 1307 4684 alibi
1321 4627 1411 4684 dicit:
1431 4651 1442 4678 ι
1459 4627 1522 4684 Nou
1535 4629 1673 4686 turbetur
1685 4645 1735 4684 eor
1746 4629 1867 4683 vestran:

183 4725 251 4784 dere
261 4724 465 4798 pessunt,cum
476 4719 552 4776 inter
562 4719 1012 4790 seconcordarevidentur‚sieut
1066 4715 1189 4773 Creditis
1204 4717 1234 4771 in
1250 4715 1423 4784 Deum,etin
1434 4733 1481 4772 me
1491 4714 1600 4774 credite
1615 4718 1709 4792 (loen.
1726 4705 1869 4788 arctatus

183 4813 334 4887 Scriptura
355 4810 443 4869 dicit:
460 4833 473 4862 a
490 4809 553 4868 Non
569 4793 684 4883 est'pax
698 4809 798 4878 impiis
812 4809 875 4878 (lan.
893 4811 977 4881 aava),
995 4833 1009 4860 n
1065 4807 1106 4862 asi
1119 4799 1868 4882 abieroetpraeparaverovobislccum‚itemmveniant

182 4904 253 4960 dicit
268 4903 410 4960 Dominus
424 4900 512 4974 Deus.
527 4898 652 4956 Pulchre
663 4915 730 4972 ergo
741 4899 800 4954 nit:
818 4923 832 4950 n
848 4899 950 4955 Pacem
967 4917 1010 4956 re·
1063 4900 1091 4952 et
1107 4894 1247 4968 accipiam
1263 4911 1314 4951 vos
1324 4895 1361 4950 ud
1376 4895 1533 4968 meipsum,
1545 4900 1578 4951 ut
1588 4895 1639 4952 ubi
1651 4911 1717 4953 sum
1730 4909 1788 4968 ego,
1798 4891 1868 4946 citos

183 4990 283 5066 linquo
294 4991 489 5064 vobiapnccm
502 5005 598 5046 meam
611 4989 648 5045 do
658 4987 750 5045 vohis.
760 5011 773 5038 n
786 4989 826 5044 Ac
841 4988 864 5044 si
881 4988 1006 5046 diceret:
1064 4985 1128 5042 sitis
1145 4983 1245 5058 (itia).
1264 5007 1278 5033 »
1295 4985 1328 5040 iit
1343 4983 1431 5040 alibi:
1450 5007 1463 5036 n
1476 4985 1538 5043 Nou
1549 4981 1716 5058 relinquam
1728 4976 1868 5050 vosorpht·

182 5079 224 5136 iio
239 5079 583 5152 presentibus,relinqno
596 5077 713 5135 tuturis.
726 5077 790 5134 Sive
800 5077 1008 5134 inchoantibus
1063 5091 1126 5142 noa,
1143 5072 1257 5130 veniam
1272 5073 1307 5130 ad
1324 5090 1374 5130 ves
1390 5073 1480 5147 (idid).
1494 5096 1508 5124 »
1524 5073 1606 5131 Unde
1619 5079 1650 5131 et
1665 5073 1810 5132 subditur:

182 5167 326 5238 relinquo,
338 5169 590 5240 perseverantibus
601 5167 648 5223 do.
662 5167 695 5222 Et
706 5165 774 5239 quia
784 5165 940 5238 perfectior
953 5168 1008 5222 erit
1098 5187 1111 5214 o
1129 5163 1159 5220 Si
1174 5161 1335 5237 diligeretis
1350 5179 1407 5230 me,
1423 5163 1589 5238 gauderetis
1616 5165 1729 5238 ntique,
1758 5157 1819 5233 quia
1838 5151 1866 5207 ed

181 5273 238 5330 pax
253 5255 282 5313 in
299 5255 397 5312 futuro
411 5271 499 5328 quam
515 5255 544 5311 in
558 5256 703 5330 presenti,
720 5255 872 5312 benacum
895 5255 1007 5311 addita·
1063 5276 1076 5306 «
1094 5253 1208 5309 Patrem
1223 5253 1307 5322 vado,
1319 5252 1389 5326 quie
1404 5253 1488 5309 Pater
1498 5255 1650 5328 malorme
1660 5258 1714 5311 eat.
1725 5275 1738 5303 >³
1749 5239 1865 5318 Nunquid

182 5349 280 5404 mento
295 5342 385 5424 dixit:
412 5365 426 5396 κ
444 5343 545 5400 Pacem
561 5361 657 5400 meam
671 5344 708 5399 du
731 5343 822 5400 vohis.
841 5367 854 5394 n
871 5343 913 5400 lbi
929 5343 1007 5400 enim
1061 5358 1119 5398 non
1136 5341 1297 5416 diligebant
1316 5341 1438 5414 apostoli
1454 5342 1623 5409 Dominum,
1641 5361 1694 5416 pre
1718 5357 1773 5416 quo
1794 5336 1865 5392 ellam

181 5450 240 5494 nou
250 5429 346 5490 solum
357 5431 548 5500 extenuasse
564 5449 614 5488 nee
625 5431 748 5488 interius
760 5432 928 5488 condictum
940 5449 1007 5489 cum
1061 5431 1134 5487 mori
1151 5431 1347 5505 paratierant,
1359 5431 1502 5489 dieentes:
1520 5457 1534 5484 n
1548 5431 1696 5490 bamuset
1709 5445 1770 5496 nos,
1784 5429 1866 5481 elme

179 5523 258 5582 vitiis
273 5520 510 5588 habebimus,ubi
523 5537 638 5578 summa
649 5527 693 5576 cst
708 5539 763 5595 pax
774 5522 809 5577 de
818 5523 928 5578 visione
939 5539 1006 5578 con·
1061 5521 1173 5577 riamur
1186 5537 1254 5577 cum
1277 5519 1326 5577 illo
1341 5522 1429 5592 (loun.
1444 5521 1521 5596 xviii
1536 5543 1550 5576 a
1568 5520 1642 5590 Quid
1658 5523 1782 5592 asterga
1802 5507 1863 5586 qnod

179 5609 295 5672 diteris.
1060 5609 1118 5666 ait:
1138 5633 1151 5660 a
1168 5610 1198 5666 ei
1227 5607 1388 5684 diligeretis
1416 5627 1473 5680 me,
1489 5611 1655 5685 gauderetis
1674 5603 1792 5682 utique?
1806 5621 1817 5649 ¹¹
1829 5595 1862 5653 dd

213 5701 448 5788 pNonquomodo
458 5697 871 5778 muudusdategodnvobis.»
880 5698 1006 5760 Multum
1060 5700 1137 5780 qnod
1150 5699 1306 5759 dicandum
1318 5700 1452 5783 quianon
1465 5706 1553 5783 negat
1560 5718 1617 5768 sea
1629 5695 1777 5780 discipulis
1787 5685 1862 5766 dille»

1932 3807 1933 3855 l

1931 3905 1932 3967 l

1930 4009 1931 4077 l

1929 4109 1930 4189 l

1927 4213 1929 4300 l
