3950 6174
95 345 150 407 ‚⁶13
693 335 871 398 uoniam
892 333 943 396 ur.
965 333 1166 397 rannone.
1720 341 1782 402 en

107 469 254 536 nultielecti,
278 465 327 538 qui
354 465 411 521 Deo
426 481 458 522 se
480 469 646 540 protegente
662 465 743 524 nulla
764 466 902 540 capitalia
916 472 941 534 Α
957 466 1041 534 didit,
1056 467 1173 538 quando
1185 465 1298 538 primus
1309 465 1600 540 bumopcceavit.Sed
1613 471 1660 528 Dei
1672 472 1788 546 sapien.

107 560 210 618 crimina
230 555 444 623 commiserunt,
461 560 491 611 et
515 559 613 613 tamen
634 555 723 613 nullis
743 557 901 613 virtutibus
955 555 1007 624 tia,
1031 555 1134 610 notens
1147 553 1298 612 hominem
1314 555 1408 628 perire
1422 556 1639 629 perpetualiter,
1654 561 1787 618 accendit

106 643 287 723 principalibus
301 659 334 700 se
347 649 492 700 exercent.
509 644 543 701 111
557 645 626 717 quia
640 661 694 702 suo
709 645 822 718 judicio
844 645 901 701 sibi
956 641 1116 700 lucernam.
1134 643 1295 702 Lucernam
1312 644 1422 718 quippe
1437 645 1580 716 accendit,
1597 649 1713 721 quando
1730 648 1785 704 lru·

100 736 162 812 justi
173 749 230 790 esse
239 732 379 800 videatur,
392 736 475 789 tanto
486 734 735 802 securiusvivunt,
747 737 858 808 quanto
871 751 902 792 se
956 749 1074 790 manum
1091 737 1238 798 naturam,
1251 748 1340 806 quam
1350 749 1384 789 en
1396 734 1482 790 uobis
1497 735 1669 809 assumpsit,
1680 736 1786 794 virtute

103 826 185 883 miuus
198 823 354 895 peccatores
366 822 614 896 cognoscuntom
626 839 693 880 vero
706 828 772 898 post
785 822 903 896 publica
957 821 1165 878 miraculorum
1176 839 1229 896 per
1242 838 1326 878 suam
1340 822 1523 880 divinitatem
1535 823 1712 882 clarificavit.
1730 826 1788 881 Lu·

91 911 195 986 'flagitia
207 916 234 967 et
247 909 353 966 scelera
363 910 399 965 ad
410 911 610 984 paenitentiam
623 913 764 981 conversi,
776 915 856 970 tanto
870 928 902 968 se
957 911 1126 968 cernacnim
1139 910 1242 968 lumen
1252 915 1297 968 est
1308 911 1338 966 in
1351 915 1434 981 testa,
1448 911 1548 970 lumen
1559 913 1788 974 intestudivini·

100 1001 180 1058 aenas
194 998 332 1071 affligunt,
348 1001 458 1072 quanto
468 1000 585 1074 gravius
602 1019 632 1058 se
647 1018 782 1074 percusse
798 1001 901 1058 memi·
956 1000 1042 1058 tasin
1052 1000 1247 1071 humanitate.
1260 1001 1343 1057 Sicut
1353 1000 1432 1058 euim
1445 1001 1544 1058 lumen
1557 1003 1587 1058 in
1598 1007 1672 1060 testa
1683 1021 1789 1062 conva-

100 1091 204 1144 neruut:
219 1090 246 1142 et
260 1085 378 1142 sibimet
402 1087 479 1156 irati,
496 1105 613 1145 carnem
628 1106 713 1146 suam
737 1107 789 1163 pcc
812 1091 902 1148 ahsti·
957 1087 1051 1158 lescit,
1066 1089 1108 1146 ita
1126 1089 1176 1148 Dei
1196 1105 1326 1162 caropor
1343 1089 1598 1165 igncmpassionis
1613 1091 1649 1148 ad
1666 1092 1788 1164 immor-

99 1174 375 1248 uentiametvigilias
397 1181 564 1247 macerant;
589 1177 754 1236 voluntates
769 1181 903 1252 proprias
957 1177 1100 1235 talitatem
1116 1177 1264 1246 transivit,
1281 1179 1434 1252 sicutipse
1452 1179 1694 1253 pchrophetum
1725 1179 1786 1238 ait:

99 1267 233 1338 abnegant,
243 1264 366 1336 jejuniis
376 1264 605 1341 eteleemosynis
618 1267 822 1337 inservientia
838 1286 904 1326 ora-
958 1290 971 1319 «
987 1267 1104 1324 aaaron
1118 1267 1196 1324 velut
1219 1271 1296 1324 testa
1310 1267 1404 1324 virtus
1419 1285 1483 1326 mea
1506 1270 1593 1342 (Paul.
1609 1271 1678 1342 aar).
1695 1293 1709 1322 a
1731 1270 1788 1327 Sed

97 1353 904 1430 tionibusetlacrymiscompunguntur,etmortificantes
958 1356 1786 1430 postquammulioraccanditlucernam,domumeverlit,

97 1443 260 1516 semetipsos,
277 1465 291 1493 a
307 1443 692 1517 cruoitignntmembrasua
706 1463 773 1503 cum
788 1447 906 1504 uitiiset
959 1445 1106 1518 quiscum
1122 1446 1264 1502 Dominus
1280 1446 1309 1502 iu
1326 1446 1509 1504 humanitate
1524 1447 1671 1522 apparuit,
1687 1447 1788 1506 statim

95 1531 320 1604 concupiscentiis
333 1531 412 1606 (Gal.
430 1534 485 1606 na).
499 1557 513 1585 »
529 1535 568 1592 lle
578 1534 682 1592 talium
694 1551 762 1610 ergo
772 1541 905 1610 peccato·
959 1553 1009 1592 cor
1023 1535 1187 1592 humanum
1203 1536 1239 1590 ud
1255 1534 1456 1608 paenitentiam
1476 1538 1620 1610 agendam
1635 1537 1787 1604 convertit,

96 1639 149 1678 rum
164 1621 346 1678 conversione
359 1621 456 1694 malus
467 1623 607 1696 gaudium
620 1629 665 1682 est
680 1625 708 1681 in
720 1625 800 1695 emto,
815 1643 904 1699 quarn
959 1624 1023 1696 ipso
1038 1623 1170 1682 dicente:
1187 1623 1417 1680 «penitentiam
1435 1625 1522 1697 agite,
1541 1623 1789 1698 appropinquabit

95 1712 122 1766 dc
135 1709 243 1767 illorum
255 1711 407 1782 justorum
429 1716 519 1782 statu,
537 1713 598 1786 qui,
614 1717 647 1769 ut
661 1713 798 1782 diximus,
825 1718 905 1770 tauto
960 1711 1038 1767 euim
1067 1728 1190 1785 regnum
1220 1711 1359 1768 caelorum
1388 1713 1497 1786 (Manli.
1523 1717 1578 1784 nr).
1602 1736 1616 1764 a
1647 1713 1790 1770 llvertitur

95 1800 217 1856 ninusse
227 1798 256 1859 iu
270 1799 358 1856 hunis
373 1805 507 1858 exercent
521 1801 669 1874 operibus,
682 1807 791 1875 quanto
806 1803 906 1860 minus
961 1801 1069 1875 quippe
1085 1802 1201 1870 domus,
1217 1802 1336 1874 quando
1351 1801 1439 1858 homo
1457 1801 1530 1858 illud
1555 1803 1633 1876 quod
1656 1802 1790 1876 nequiter

94 1905 119 1942 se
131 1887 264 1961 obligatos
279 1889 413 1945 sentiunt
427 1888 458 1944 iu
474 1888 559 1946 malis
576 1889 781 1962 gravioribus:
796 1891 866 1964 quia
878 1896 907 1948 et
959 1890 1062 1964 gessit,
1078 1891 1204 1963 graviter
1216 1890 1246 1946 in
1261 1890 1358 1964 seipso
1373 1889 1498 1963 puniens
1514 1891 1648 1948 destruit.

95 1993 134 2032 rea
145 1993 206 2034 eum
221 1977 347 2034 militem
363 1977 394 2036 in
410 1977 509 2051 prelio
524 1977 592 2054 plus
603 1979 709 2052 diligit,
721 1980 772 2053 qui
788 1982 907 2054 pastro·
995 2001 1009 2030 «ε
1026 1979 1060 2034 ut
1075 1995 1142 2034 cum
1158 1978 1311 2048 invenerit,
1337 1983 1476 2036 convocat
1492 1979 1602 2036 amicas
1616 1984 1645 2036 et
1667 1979 1788 2049 vicinas,

94 2081 150 2139 gam
164 2083 293 2124 reversus
309 2067 492 2124 adversarios
506 2067 629 2124 viriliter
643 2069 760 2142 premit,
776 2085 864 2141 quam
874 2069 907 2127 il·
960 2091 974 2119 a
992 2067 1111 2124 dicens:
1128 2066 1379 2142 congratulamini
1396 2067 1479 2139 mihi,
1496 2068 1566 2142 quia
1580 2068 1677 2128 iuveni
1688 2068 1791 2127 drach·

94 2153 145 2210 lum
155 2155 365 2228 quiuunquam
377 2153 443 2212 iniit
453 2155 563 2229 lugam,
575 2172 628 2212 uec
638 2160 736 2214 tamen
747 2157 906 2230 aliquando
960 2179 973 2207 a
991 2173 1068 2214 nram
1085 2173 1173 2229 quum
1198 2155 1394 2228 perdideram.
1410 2180 1424 2208 n
1440 2158 1547 2214 Amice
1561 2162 1590 2215 et
1611 2158 1723 2227 viciae,
1739 2175 1789 2215 su-

94 2241 190 2314 aliquid
218 2243 333 2300 fortiter
355 2243 455 2318 gessit.
482 2243 624 2301 Similiter
637 2250 666 2302 et
689 2245 817 2319 agricola
840 2263 905 2304 eam
959 2262 1055 2318 perne
1070 2244 1198 2303 civitatis
1216 2244 1337 2304 virtutes
1353 2250 1425 2302 sunt
1440 2251 1469 2303 et
1491 2247 1663 2321 angelorum
1679 2247 1791 2305 scilieet

93 2334 186 2388 terram
201 2330 266 2405 plus
279 2333 389 2408 diligit,
401 2350 464 2406 que
476 2335 761 2407 puateauerptionem
775 2336 905 2409 veprium
959 2334 1090 2408 spiritus,
1101 2335 1150 2408 qui
1163 2335 1199 2390 ab
1209 2335 1273 2408 ejus
1283 2334 1433 2392 voluntate
1445 2353 1598 2408 uunquam
1609 2336 1789 2406 discordant,

93 2423 116 2473 rt
128 2419 270 2492 spinarum
294 2421 448 2478 uberiores
470 2423 583 2480 tructus
597 2423 702 2492 reddit,
719 2441 808 2497 quam
823 2424 904 2481 illam
960 2440 1012 2480 nee
1023 2423 1059 2480 ab
1070 2422 1374 2496 itliusvisionealiquo
1387 2423 1543 2481 intervallo
1555 2425 1696 2499 temporis
1706 2441 1791 2499 sepn-

94 2523 147 2579 qae
166 2526 319 2584 nunquam
335 2511 437 2584 spinas
453 2510 584 2585 protulit,
601 2529 654 2570 nee
679 2517 776 2572 tantm
801 2514 906 2572 uberes

95 2598 193 2656 tructus
207 2601 282 2658 lecit.
298 2601 376 2658 Sunt
386 2601 474 2659 etiam
487 2600 535 2658 alii
545 2602 631 2674 justi,
647 2603 697 2676 qui
712 2604 908 2676 camjustitie

95 2701 168 2757 opera
181 2686 319 2757 habeant,
337 2691 479 2746 satamon
495 2689 617 2746 minime
632 2690 690 2763 ipsi
711 2691 809 2762 justos
831 2693 908 2748 arhi-

96 2779 205 2843 trantur,
221 2782 250 2834 et
264 2777 354 2851 quasi
368 2777 478 2836 conscii
494 2778 550 2834 sihi
567 2779 627 2834 siut
641 2796 815 2853 magnorum
840 2795 909 2852 pec·

97 2866 221 2933 catomm,
237 2865 278 2924 ita
289 2867 467 2940 semetipsos
482 2870 631 2936 accusant,
647 2867 809 2941 atlligeutes
824 2871 908 2942 suje-

95 2951 184 3022 juniis,
198 2954 320 3028 vigiliis,
337 2955 532 3012 orationihus:
544 2955 656 3018 etaient
669 2955 717 3012 alii
733 2957 835 3031 culpas
845 2976 910 3033 ope-

98 3039 139 3106 ris,
150 3041 186 3097 ita
196 3041 236 3100 illi
249 3043 427 3118 plerumque
437 3044 591 3117 deplorant
600 3045 702 3118 culpas
711 3047 908 3120 cogitationis.

98 3127 335 3192 Considerandum
351 3151 419 3208 ergo
431 3137 485 3203 est,
501 3133 571 3207 quia
590 3134 615 3190 si
631 3134 666 3192 de
681 3136 829 3194 conversis
842 3154 909 3210 pec·

963 2518 1074 2570 cuntur.
1086 2512 1374 2586 congratulabuntur
1388 2531 1515 2586 namque
1529 2512 1625 2588 angeli
1639 2513 1669 2570 iu
1688 2513 1789 2570 inven-

963 2601 1790 2676 tionoovisctdrachmae,quandonumerumsuum,quem

964 2707 1015 2764 per
1024 2693 1188 2762 apostatam
1200 2687 1532 2762 angelumimminutum
1540 2689 1789 2764 videruntpcrcc·

964 2776 1181 2850 cuperationem
1192 2775 1320 2833 hominis
1331 2775 1469 2850 compleri
1478 2783 1608 2834 cernent.
1622 2777 1789 2834 Notandum

964 2871 1073 2935 autem,
1086 2865 1155 2938 quia
1167 2882 1225 2921 non
1236 2865 1286 2932 uit,
1298 2865 1542 2939 congratulamini
1553 2865 1674 2923 invente
1682 2865 1789 2923 druch·

965 2971 1030 3022 mae,
1045 2955 1095 3010 sed
1112 2952 1195 3023 mihi,
1212 2953 1369 3010 ostendens
1382 2953 1453 3027 quia
1463 2958 1563 3011 austra
1576 2954 1790 3014 liberatiolibe·

964 3043 1070 3100 ratoris
1080 3045 1125 3099 est
1134 3041 1298 3098 exsultatio.
1307 3042 1413 3114 Magna
1423 3046 1467 3099 est
1476 3042 1554 3100 enim
1565 3059 1632 3116 spes
1643 3043 1790 3104 conversis

964 3131 1174 3206 peccatoribus,
1185 3130 1407 3204 magnatiducia
1414 3131 1623 3204 penitentibus
1638 3132 1788 3202 tribuitur,

97 3220 227 3280 catonhus
240 3222 386 3297 gaudium
402 3223 440 3280 sit
456 3222 486 3278 in
502 3222 584 3292 coelo,
601 3223 693 3280 multo
707 3225 802 3299 magIs
816 3207 945 3282 maxi-C
963 3238 1031 3278 oum
1046 3220 1246 3277 subinfertur:

98 3321 165 3364 mum
179 3311 322 3384 gaudium
340 3315 386 3368 est
401 3312 436 3368 de
450 3311 555 3370 talium
565 3313 715 3386 justorum
731 3315 909 3388 operatione.

97 3393 181 3469 Neque
194 3400 289 3475 angeli
314 3400 345 3456 in
358 3401 467 3474 quibus
481 3403 610 3474 perlecta
624 3406 668 3459 ast
682 3403 821 3473 charitas,
847 3405 911 3462 sine

96 3486 186 3554 gaudio
194 3487 323 3547 salutem
335 3489 594 3548 hominumvidere
602 3492 775 3564 possunt,de
785 3510 911 3567 quorum

97 3569 199 3632 interitu
213 3577 315 3638 dolere
334 3578 482 3636 dicuntur.

126 3665 273 3740 artatque
284 3667 395 3725 mulier
405 3669 516 3726 hahens
525 3669 681 3727 drachmas
693 3671 831 3741 decem,si
845 3690 910 3747 per-

98 3751 909 3833 adideritdrachmamunam,nonneaccenditlucernam,

97 3860 107 3886 a
121 3845 145 3896 et
156 3845 253 3902 evenit
267 3847 393 3906 domum
408 3850 437 3903 et
447 3847 550 3918 querit
564 3847 721 3920 diligenter
730 3850 821 3908 donec
832 3851 910 3908 inve·

98 3945 108 3972 v
120 3927 191 3986 niat‘l
199 3957 213 3982 a
221 3933 275 3999 Qui
284 3937 427 4008 superius
438 3951 488 4008 per
496 3937 719 4011 pastorcmipse
730 3955 808 3996 nunc
816 3939 912 4014 signa·

96 4017 134 4070 tur
147 4036 193 4090 per
204 4022 374 4091 mulierem,
385 4023 530 4082 Dominus
541 4024 653 4083 scilicet
664 4025 751 4084 lesus
765 4027 910 4102 Christus,

98 4103 135 4157 hai
148 4108 236 4166 virtus
248 4117 279 4170 ot
294 4112 347 4169 Dei
359 4113 513 4186 supientia.
525 4112 593 4178 Quae
606 4113 712 4170 mulier
721 4115 833 4173 hahens
844 4118 910 4174 dra·

96 4188 195 4252 thmam
206 4199 320 4272 decem,
332 4197 402 4274 quia
410 4201 581 4276 augelorum
589 4205 617 4259 et
625 4201 777 4260 hominum
787 4204 912 4262 rationu·

96 4275 142 4336 lem
152 4291 315 4346 creaturam
329 4289 642 4348 creavitNovemenim
651 4295 720 4348 sunt
733 4292 851 4350 ordines
862 4311 911 4352 an-

1001 3334 1015 3361 ιι
1033 3310 1075 3368 lta
1089 3310 1154 3366 dico
1168 3309 1261 3380 vohis,
1273 3308 1343 3381 quia
1352 3307 1493 3383 gaudium
1504 3307 1559 3364 erit
1568 3324 1666 3366 coram
1677 3307 1789 3382 erigetis

965 3421 978 3450 a
996 3399 1046 3455 Dei
1060 3395 1789 3472 superunopeccatorepoenitentiamagente,quam

967 3511 981 3542 a
994 3506 1084 3562 supra
1094 3487 1362 3560 nonagintanovem
1368 3484 1459 3557 justis
1468 3485 1517 3559 qui
1526 3485 1723 3558 nonindigent
1732 3505 1790 3561 pce-

965 3601 979 3628 «
997 3575 1138 3633 nitentiis.
1152 3599 1163 3626 a
1181 3576 1252 3644 Quis
1264 3574 1449 3648 igiturhabet
1459 3579 1518 3631 tam
1529 3573 1636 3631 durum
1648 3579 1751 3650 pectus
1762 3579 1792 3632 et

966 3665 1153 3740 impoenitens
1166 3682 1225 3734 cor,
1242 3669 1275 3722 ut
1290 3663 1351 3720 hae
1372 3662 1496 3720 audiens
1511 3681 1568 3721 non
1584 3665 1792 3722 convertatur?

965 3756 1002 3812 Ut
1015 3770 1085 3830 ergo
1097 3754 1238 3829 gaudium
1249 3752 1376 3810 habeant
1388 3753 1424 3809 de
1435 3757 1535 3809 nostra
1544 3753 1732 3812 conversione
1743 3771 1792 3810 an-

965 3845 1136 3918 geli,utiquo
1147 3843 1269 3917 dignum
1283 3845 1328 3899 est
1338 3846 1370 3898 ut
1381 3841 1492 3898 luctum
1503 3841 1532 3898 in
1541 3845 1618 3900 terra
1627 3847 1790 3914 teneamus,

964 3933 1097 3990 dicentes
1111 3949 1179 3988 eum
1195 3930 1369 3988 Psalmista:
1386 3953 1399 3982 «
1412 3931 1527 3988 Lavabo
1537 3947 1589 4004 per
1600 3931 1732 4006 singulas
1743 3949 1792 3988 no·

965 4027 1026 4078 ctes
1039 4021 1145 4077 lectum
1157 4036 1254 4075 meum
1269 4020 1357 4088 (Paul.
1366 4018 1417 4090 vr),
1432 4041 1445 4068 a
1457 4023 1489 4074 ut
1500 4019 1656 4092 impleatur
1666 4020 1694 4076 in
1706 4019 1791 4076 nohis

965 4110 1043 4184 quod
1059 4108 1201 4166 Dominus
1217 4107 1288 4164 dicit
1311 4107 1340 4162 in
1356 4106 1530 4180 llvungelio:
1546 4131 1560 4159 a
1578 4108 1654 4165 beati
1678 4107 1728 4181 qui
1744 4106 1790 4164 lu-

964 4204 1043 4274 gent,
1054 4197 1194 4271 quoniam
1210 4194 1266 4268 ipsi
1282 4193 1513 4252 consotabuntur
1527 4197 1637 4268 (baut.
1653 4213 1681 4252 v.
1699 4217 1712 4244 a
1733 4195 1789 4252 Sed
1814 4183 1817 4194 ’

964 4289 1122 4346 videndum
1145 4289 1190 4342 est
1204 4283 1302 4358 qualis
1315 4283 1423 4342 debeat
1434 4300 1498 4340 esse
1514 4283 1696 4356 paenitentia,
1720 4283 1790 4356 quia

95 4367 220 4446 getarum,
232 4376 262 4434 id
274 4377 731 4452 estangeli,arehaugeli,throni
742 4381 910 4440 etdorcina-
965 4377 1051 4436 multi
1066 4381 1146 4445 sunt,
1161 4375 1213 4449 qui
1229 4391 1260 4432 ae
1276 4377 1442 4446 peccatores
1451 4372 1569 4430 assidue
1584 4373 1696 4441 dieunt,
1712 4377 1740 4430 et
1750 4377 1791 4430 la-

96 4455 321 4535 tiones,virtutes,
333 4467 516 4540 principatus
531 4473 560 4525 et
574 4471 742 4540 potestates,
759 4469 910 4528 cherubim
964 4485 1032 4526 mon
1047 4467 1142 4524 adhuc
1157 4463 1281 4521 delectat
1290 4480 1340 4519 eos
1350 4479 1479 4536 peecare.
1491 4461 1546 4518 Alii
1558 4461 1651 4518 avino
1662 4467 1690 4518 et
1703 4479 1790 4518 carne

96 4549 910 4630 etseraplrim.Deeimusenimpersuparhiamcecidit.Sed
925 4572 949 4636 p
964 4575 995 4616 se
1010 4556 1167 4622 abstinent,
1182 4553 1231 4610 alii
1246 4553 1342 4626 largas
1356 4551 1555 4626 eleemosynas
1570 4551 1721 4608 tribuunt:
1738 4549 1790 4607 ssd

96 4637 279 4699 scelestarum
292 4659 437 4702 numerus
445 4645 651 4720 compleretur,
663 4647 698 4704 ad
710 4646 790 4706 itlius
801 4653 910 4706 restau-
964 4647 1034 4720 quia
1049 4665 1067 4704 a
1080 4647 1264 4718 peccutonon
1275 4645 1401 4708 cessant,
1412 4641 1524 4697 tructas
1535 4641 1638 4714 dignos
1648 4639 1790 4713 preniten-

96 4725 220 4787 rationem
236 4732 329 4792 homo
345 4733 478 4792 decimus
494 4739 608 4794 creatus
622 4740 677 4793 est.
702 4737 775 4802 Quia
799 4741 910 4796 tantam
967 4736 1014 4793 tie
1029 4752 1087 4792 non
1097 4734 1216 4791 iaciunt.
1224 4729 1365 4798 Quoniam
1375 4746 1473 4787 verum
1485 4727 1684 4803 paenitentiam
1697 4727 1790 4784 lacera

96 4814 301 4880 multitudinem
312 4839 347 4882 ex
354 4823 509 4882 animabus
517 4823 910 4884 fideliumcoelumuredimus
966 4843 1022 4883 non
1038 4827 1144 4898 potest,
1160 4819 1219 4878 nisi
1233 4820 1283 4894 qui
1297 4823 1449 4894 peccatum
1465 4818 1526 4875 odit
1540 4823 1568 4874 et
1582 4823 1671 4874 Deum
1683 4814 1788 4889 diligit.

96 4913 911 4988 wasummauantosilliecontigitangetosremaasissa
965 4914 1015 4972 itte
1030 4919 1076 4972 cst
1088 4912 1167 4969 enim
1181 4909 1327 4984 poenitens
1341 4907 1494 4976 dicendus,
1511 4905 1562 4980 qui
1577 4906 1618 4963 sic
1642 4904 1790 4980 preterita

92 4986 164 5056 lustu
176 4996 247 5057 illud
261 5003 344 5075 quod
360 5002 572 5077 scriptumest:
585 5003 844 5062 Statuittermiuos
858 5004 911 5062 ho·
965 5005 1059 5072 dellet,
1077 5001 1230 5058 utiterum
1246 4997 1342 5056 llendu
1356 5014 1414 5053 non
1429 4995 1603 5052 committat.
1620 4994 1701 5052 Unde
1716 4995 1789 5052 hene

95 5078 193 5142 minum
205 5088 293 5161 juxta
303 5108 461 5150 numerum
474 5092 602 5150 filiorum
614 5090 715 5149 lsrael.
729 5093 763 5148 lit
774 5093 849 5150 sicut
859 5099 912 5150 Do·
965 5091 1135 5166 paenitentia
1150 5089 1227 5145 dieta
1240 5090 1293 5154 est,
1309 5085 1394 5158 quasi
1406 5084 1557 5159 punientia
1568 5101 1575 5140 ι
1588 5084 1659 5158 qaia
1672 5085 1711 5140 ita
1720 5101 1790 5157 prs·

95 5168 179 5230 minus
189 5175 228 5233 ait
238 5179 269 5235 in
280 5180 437 5256 Evangelio
447 5200 453 5238 :
465 5185 498 5238 ln
509 5180 720 5240 resurrectione
730 5205 744 5234 a
755 5199 850 5256 nequa
859 5200 910 5239 nu·
962 5178 1136 5240 teritamala
1145 5175 1248 5252 punire
1258 5173 1425 5248 paenitendo
1436 5173 1623 5242 debemus‚ut
1637 5190 1670 5232 eu
1681 5173 1787 5230 iterum

94 5251 162 5326 hill,
177 5280 272 5339 neque
287 5271 448 5340 autentus
461 5272 512 5328 sed
524 5274 609 5328 amnt
619 5269 746 5343 equales
756 5270 867 5345 augelis
878 5271 908 5327 in
962 5267 1129 5344 poenitendu
1151 5281 1209 5322 nou
1224 5263 1454 5320 committamus.
1479 5263 1554 5329 Quia
1575 5263 1626 5336 qui
1643 5260 1789 5337 preterita

94 5346 154 5404 ceto
179 5353 272 5424 (darc.
288 5362 351 5428 xri).
369 5381 384 5413 »
411 5360 442 5417 ln
457 5360 599 5418 drachma
612 5359 691 5416 enim
714 5359 812 5433 imago
832 5360 908 5434 regis
962 5357 1086 5435 plangit,
1097 5361 1125 5413 et
1136 5355 1332 5419 suturaoavet,
1344 5369 1466 5410 securus
1478 5352 1515 5409 ad
1527 5354 1621 5409 Deum
1633 5351 1721 5408 venit.
1734 5348 1788 5417 Qui

94 5436 270 5506 exprimitur:
288 5446 776 5522 etquiaangetoramethominum
787 5449 909 5521 spiritus
962 5449 1040 5506 euim
1055 5440 1264 5503 delectabiliter
1272 5445 1301 5498 et
1310 5441 1373 5498 sine
1381 5441 1543 5499 cessatione
1554 5440 1639 5498 malis
1650 5438 1787 5513 operibus

94 5521 124 5576 td
137 5523 294 5604 imaginem
310 5535 360 5594 Dei
371 5539 459 5595 creati
475 5543 556 5606 sunt,
571 5542 648 5596 mute
660 5537 690 5594 in
700 5535 907 5595 drachmarum
962 5537 1093 5604 inheret,
1109 5538 1137 5590 et
1151 5549 1169 5588 a
1182 5530 1267 5602 cibis,
1279 5547 1353 5603 quos
1369 5535 1444 5588 Deus
1454 5530 1562 5588 creavit
1576 5529 1612 5586 ad
1625 5526 1787 5602 percipien-

95 5615 200 5682 ttuina
213 5623 429 5698 exprimuntur.
443 5626 537 5690 Unam
548 5625 718 5690 drachmam
730 5624 837 5688 mutter
846 5613 912 5706 recl
961 5627 1033 5688 dum
1047 5639 1114 5690 eum
1125 5619 1286 5702 gratiarum
1296 5619 1422 5696 actione,
1433 5637 1464 5682 se
1473 5619 1610 5689 abstinet,
1620 5608 1786 5690 magistrat·
