4018 6178
120 343 168 412 ttt
731 339 907 408 HOMlblAE
928 333 979 402 DE
1000 337 1199 459 teuscus.
1761 343 1820 410 tte

118 479 199 540 idem
214 476 363 538 Dominus
385 473 544 549 admirans,
566 477 675 552 pariter
695 481 724 535 et
743 475 914 536 collaudans
931 491 937 531 :
953 472 982 540 Α
997 475 1075 534 niem
1091 476 1215 552 dispersi
1232 475 1368 553 degente
1390 475 1420 535 in
1437 479 1563 552 gentem
1585 481 1613 536 et
1627 473 1663 536 de
1677 493 1766 554 regno
1781 479 1817 537 ad

149 596 161 623 a
178 569 379 644 sequentibus
394 585 425 626 se
440 567 530 644 dixit:
544 569 633 624 Amen
643 568 708 624 dieo
722 568 817 636 uobis,
827 585 885 624 nen
896 567 939 623 in·
993 568 1134 642 populum
1143 567 1819 643 alterum,rclictisuntsineDeo,sinelege,sine

118 661 205 718 «reni
221 664 336 716 tanum
353 659 439 716 iidem
454 657 484 713 in
509 656 609 714 lsrael.
628 679 642 707 a
658 658 739 724 Quod
763 675 821 714 non
838 659 873 714 de
888 675 939 731 pa·
993 657 1079 724 duce,
1090 659 1153 714 sine
1168 657 1326 716 sacerdote.
1344 658 1426 714 Sicut
1440 657 1517 714 enirn
1532 656 1585 713 tilii
1601 657 1652 714 Dei
1667 661 1818 727 vocantur,

118 749 251 809 triarchis
266 755 295 805 et
310 747 460 821 prophetis
471 746 707 820 dicit‚quondem
718 763 749 803 se
760 745 938 813 videntibus,
965 792 970 802 ,
994 747 1044 820 qui
1060 748 1155 820 magis
1170 747 1263 804 Deum
1279 763 1368 819 quam
1391 747 1536 804 mundum
1556 747 1693 821 diligunt,
1709 747 1751 806 sie
1766 747 1818 806 tilii

117 847 141 899 et
148 839 171 896 si
184 837 277 895 lsrael
286 837 389 895 ridens
400 837 491 892 ileum
502 836 711 908 interpretatur
723 853 730 892 z
743 836 793 892 sed
805 836 840 892 de
852 834 939 892 lsrael
994 837 1075 910 regni
1091 837 1239 904 dicuntur,
1256 835 1306 908 qui
1322 835 1351 892 i'n
1369 854 1468 894 amore
1483 836 1589 894 terreni
1606 838 1688 912 regni
1704 837 1818 896 radices

116 927 232 995 cunali,
249 927 279 983 id
295 931 340 982 est
354 924 462 1000 populo
483 923 662 992 iudeorum,
682 923 726 980 vel
751 925 786 980 de
810 923 869 980 illis
889 923 938 996 qui
993 926 1090 982 cordis
1105 925 1355 998 perseverabiliter
1370 925 1584 997 plantaverunt.
1597 926 1648 984 Ubi
1664 931 1762 984 autem
1776 931 1820 984 ta·

115 1021 271 1093 presentes
281 1019 374 1080 erant,
386 1015 463 1070 inter
472 1030 546 1087 quos
562 1012 648 1088 signa
662 1016 690 1069 et
705 1012 846 1068 miracula
857 1012 940 1069 lacie-
993 1014 1036 1070 les
1051 1013 1184 1071 mittendi
1202 1014 1270 1082 sint,
1288 1015 1503 1086 manifestatur,
1520 1033 1587 1072 eum
1603 1016 1816 1090 subjungitur:

115 1109 170 1176 bat,
188 1106 300 1180 quibus
315 1104 437 1160 verbum
452 1104 515 1159 vite
532 1102 735 1168 annuntiabat,
753 1102 830 1174 quod
851 1101 939 1158 etiam
994 1126 1008 1155 «
1025 1103 1184 1176 EJicientur
1198 1102 1229 1160 in
1251 1105 1386 1159 tenebras
1411 1105 1578 1162 exteriores.
1593 1127 1603 1155 ι
1629 1105 1660 1161 In
1681 1123 1739 1178 quo
1755 1106 1818 1162 loco

115 1197 241 1270 recipere
256 1192 404 1250 nolebant.
422 1191 495 1258 Ouia
509 1209 567 1248 non
591 1191 634 1247 sic
660 1191 716 1247 cito
740 1191 939 1258 crediderunt,
993 1192 1820 1266 considerandum,quia,cumtenebraesempersintinte·

114 1285 260 1359 quemodo
274 1280 507 1339 centurio.Unde
518 1279 638 1352 pulchre
655 1279 684 1334 in
699 1279 869 1336 centurione
881 1296 939 1336 nen
994 1283 1085 1338 riores
1101 1285 1129 1337 et
1144 1299 1201 1337 non
1217 1282 1382 1350 exteriorne,
1394 1282 1567 1339 intenebras
1578 1281 1734 1338 exteriores
1750 1285 1818 1340 mu·

114 1373 208 1431 solum
223 1373 298 1429 fides
312 1370 445 1445 gentium
460 1367 624 1425 collaudata
638 1372 692 1437 est,
703 1369 753 1424 sed
765 1368 852 1424 etiam
869 1386 939 1442 pre·
993 1373 1167 1442 tunturpost
1178 1373 1312 1433 mortem,
1323 1369 1373 1442 qui
1384 1369 1554 1426 inlecebras
1564 1369 1726 1438 interiores,
1736 1371 1820 1428 idest

114 1463 248 1534 figurata,
264 1477 331 1518 cum
349 1459 479 1515 dicitur:
993 1459 1024 1514 in
1039 1458 1167 1515 cecitate
1183 1457 1299 1527 mentis,
1317 1473 1348 1513 se
1369 1457 1577 1516 concluserunt
1591 1460 1662 1516 dum
1677 1459 1816 1516 viverent

146 1574 160 1602 ι(
177 1550 250 1608 Dice
266 1553 364 1605 autem
375 1547 458 1604 vobis
468 1547 546 1620 qued
559 1545 645 1602 multi
656 1545 771 1603 venient
782 1547 818 1602 ab
828 1547 938 1604 oriente
993 1546 1138 1614 Quaeritur
1147 1550 1246 1602 autem
1263 1561 1353 1618 quare
1368 1545 1504 1602 dicentur
1513 1547 1637 1604 tenebre
1649 1547 1815 1616 exteriores,

114 1665 125 1690 a
140 1645 168 1695 ct
183 1637 345 1705 occidente,
353 1639 382 1693 et
396 1636 568 1692 recumbent
582 1651 650 1692 cum
660 1635 807 1692 Abraham
819 1640 847 1692 et
858 1635 939 1691 lsaac
993 1651 1186 1708 cumsemper
1196 1632 1425 1698 sintinteriores,
1435 1634 1701 1691 sicutclausoostio
1711 1635 1818 1693 domus

111 1752 124 1779 r«
140 1732 168 1784 et
180 1727 273 1784 Jacob
289 1725 319 1782 in
336 1741 424 1800 regno
439 1723 587 1780 coelerum.
601 1746 615 1774 »
626 1723 680 1780 Per
693 1723 834 1782 orientem
850 1727 879 1780 et
894 1740 939 1779 oe·
991 1711 1172 1780 intrinsecas
1182 1722 1307 1778 tenebrae
1319 1723 1588 1790 sunt,extrinsecus
1598 1723 1763 1781 autemlux.
1774 1725 1817 1782 Ad

111 1816 254 1873 ridentem
271 1815 398 1886 quatuor
408 1810 511 1867 mundi
514 1814 618 1888 partes
631 1810 831 1884 designantur,
845 1828 862 1866 a
876 1811 937 1884 qui·
954 1841 976 1907 B
992 1813 1069 1886 quod
1093 1810 1262 1877 dicendum,
1287 1811 1357 1884 quia
1379 1812 1505 1868 tenebre
1530 1811 1682 1869 interiores
1703 1813 1817 1870 cacitas

110 1904 163 1960 bus
177 1919 213 1958 ex
228 1901 368 1958 omnibus
386 1900 524 1973 gentibus
539 1900 666 1958 arentin
684 1901 749 1968 fide,
766 1917 823 1956 non
839 1899 935 1957 selum
992 1902 1099 1958 mentis
1114 1901 1272 1956 dicuntur:
1289 1899 1445 1956 exteriores
1462 1917 1529 1956 vero
1544 1918 1634 1974 poene
1649 1901 1816 1971 infernales,

110 2009 158 2066 per
172 1990 412 2065 praedicationem
439 1987 648 2061 apostolorum,
665 1990 716 2045 sed
731 1988 819 2046 etiam
835 2006 936 2045 eorum
990 2008 1054 2064 que
1066 1995 1147 2047 extra
1162 2007 1215 2046 nos
1231 1993 1309 2046 sunt.
1322 1989 1396 2045 Nam
1407 1990 1437 2045 in
1451 1989 1564 2046 interno
1575 1990 1727 2048 interiores
1737 1995 1816 2058 sunt,

110 2095 324 2140 successorum.
350 2082 389 2135 De
405 2077 512 2151 quibus
537 2095 588 2150 per
601 2077 789 2134 psalmistam
805 2077 912 2134 dicitur
928 2094 935 2134 :
991 2081 1042 2136 sed
1053 2079 1095 2134 illi
1105 2079 1154 2152 qni
1166 2077 1224 2134 illic
1235 2078 1396 2152 patiuntur,
1410 2078 1441 2133 in
1456 2079 1592 2135 tenebras
1602 2080 1770 2160 exteriores,
1788 2079 1817 2136 id

110 2195 123 2222 a
138 2171 244 2228 Dicant
257 2167 308 2242 qui
325 2167 468 2239 redempti
479 2167 803 2238 suntabomin0,qu0s
814 2166 938 2222 redemit
991 2173 1037 2225 est
1045 2169 1073 2223 in
1084 2167 1582 2241 infernalespoenasmittidicuntur.
1590 2165 1816 2232 Quidautemibi

111 2261 144 2316 de
159 2275 252 2316 manu
268 2256 390 2325 inimici,
408 2256 443 2312 de
458 2256 627 2329 regionibus
643 2255 830 2328 congregavit
840 2271 938 2322 eos;a
991 2257 1073 2314 missi
1083 2256 1746 2330 patianturdemonstratur,cnmsubiniertnr:
1757 2257 1816 2314 albi

110 2349 255 2405 solieertu
267 2349 296 2402 et
305 2359 422 2413 occasu,
431 2344 467 2400 ab
479 2342 615 2417 aquilone
625 2349 652 2400 et
663 2342 737 2400 mari
748 2344 833 2414 (Prot.
842 2343 909 2416 cvr).
923 2366 937 2394 e
992 2345 1047 2402 erit
1057 2344 1291 2401 lletusetstridor
1301 2343 1444 2400 dentium.
1455 2343 1558 2400 »Oculi
1569 2345 1647 2402 enim
1657 2363 1715 2418 pra
1724 2345 1816 2402 nimio

112 2438 191 2504 Quod
205 2439 306 2492 sutem
322 2449 374 2506 per
389 2432 625 2506 praedicationem
641 2430 839 2505 apostolorum
851 2431 937 2489 multi
992 2433 1072 2490 inmo
1085 2432 1179 2489 solent
1194 2431 1360 2504 lacrymari,
1375 2435 1404 2489 et
1419 2432 1520 2488 dentes
1535 2449 1592 2506 prae
1604 2434 1696 2492 nimio
1710 2434 1817 2508 trigone

112 2528 143 2582 ad
152 2522 698 2591 fidem,utdixirnus,vocatisunt,idem
706 2520 937 2578 Psalmistaalibi
993 2523 1175 2579 stridescere.
1187 2521 1260 2576 Cum
1272 2537 1340 2594 ergo
1353 2522 1395 2577 ait
1407 2539 1413 2576 :
1431 2545 1444 2571 a
1457 2521 1500 2578 lbi
1511 2522 1566 2578 erit
1577 2521 1661 2578 lletus
1671 2526 1700 2579 et
1710 2522 1818 2579 stridor

111 2613 378 2678 demonstrat,cnm
389 2608 475 2664 dicit:
486 2631 500 2658 «
512 2609 543 2664 ln
552 2624 668 2663 omnem
681 2612 787 2664 terram
800 2607 939 2665 exivitso·
993 2609 1137 2676 dentium,
1152 2633 1165 2660 a
1182 2609 1310 2666 ostendit
1325 2627 1377 2682 per
1392 2611 1592 2683 metaphoram
1605 2611 1816 2678 membrorum,

111 2714 289 2765 nnseorum,
298 2701 326 2754 et
336 2699 365 2752 in
378 2699 451 2760 lines
461 2697 629 2753 orbisterre
639 2697 728 2753 verba
738 2713 838 2754 eorum
850 2699 937 2768 (Rern.
993 2700 1063 2772 quia
1073 2697 1187 2772 reprobi
1200 2699 1229 2754 in
1242 2715 1328 2772 perna
1338 2703 1366 2754 et
1377 2699 1470 2772 trigue
1481 2699 1692 2768 inestimabile,
1702 2703 1730 2755 et
1740 2699 1817 2756 calo-

110 2793 171 2859 ni.»
185 2788 376 2846 utiterum«
388 2787 451 2842 Non
463 2785 661 2858 suntloquele
673 2804 767 2859 neque
777 2802 938 2859 sermones,
993 2805 1054 2845 rem
1070 2786 1283 2843 intolerabilem
1307 2787 1505 2854 sustinebunt,
1530 2787 1607 2843 sieut
1622 2803 1673 2860 per
1699 2787 1816 2843 beatum

111 2893 239 2952 querum
255 2893 314 2934 non
329 2876 489 2931 audiantur
501 2891 587 2931 voces
602 2892 703 2932 eorum
719 2876 906 2950 (Pertimuit.
923 2897 937 2928 r
992 2877 1046 2933 lob
1061 2875 1186 2932 dieitur:
1201 2877 1265 2932 «Ad
1275 2875 1400 2931 calorem
1412 2873 1537 2931 nimium
1548 2875 1720 2932 transeetab
1731 2876 1816 2949 aquis

109 2966 161 3024 Vel
177 2971 267 3031 certe,
286 2967 318 3019 ut
336 2949 456 3036 quid'am
480 2961 592 3031 volunt,
607 2963 644 3019 ab
665 2963 776 3020 oriente
797 2970 940 3021 venerunt
994 2965 1117 3030 nivium,
1128 2969 1157 3021 et
1172 2981 1265 3037 usque
1275 2965 1310 3020 ad
1321 2964 1430 3021 interos
1445 2968 1597 3037 peccatum
1613 2963 1703 3021 illius.
1713 2963 1819 3023 Oblivi-

111 3052 316 3125 liceretque
330 3051 417 3124 primi
429 3050 586 3107 Dominum
597 3052 848 3125 cognoverunt,ab
861 3053 939 3109 occi·
993 3053 1171 3123 scaturejus
1200 3051 1409 3109 misericordia.
1442 3052 1567 3110 Dulcede
1597 3051 1677 3109 illins
1704 3069 1818 3124 uermes

110 3145 198 3201 deute
213 3139 351 3218 gentiles,
367 3139 437 3212 quia
452 3139 547 3195 ultimi
561 3139 720 3197 Dominum
736 3146 937 3214 perceperunt.
994 3143 1063 3211 (let.
1079 3144 1165 3208 xxiv).
1183 3163 1197 3189 »
1222 3139 1250 3196 Si
1273 3139 1340 3212 quis
1363 3144 1459 3196 autem
1476 3142 1511 3197 de
1534 3141 1747 3198 resurrectione
1770 3141 1817 3198 sui

110 3233 211 3299 Aliter,
227 3231 266 3288 ab
281 3230 393 3286 edente
406 3232 557 3295 venerunt,
572 3228 653 3301 quia,
678 3229 735 3285 Dee
759 3234 938 3303 protegente,
954 3209 975 3276 G
995 3229 1123 3302 corporis
1134 3227 1258 3296 dubitat,
1270 3228 1365 3300 ipsam
1376 3228 1515 3300 perhanc
1525 3228 1622 3286 locum
1634 3228 1696 3286 lteri
1711 3228 1816 3285 intelli·

109 3317 726 3392 nullaeriminaliapeccatneommiserunt:
735 3318 770 3374 ab
779 3317 938 3386 occidente,
993 3336 1061 3394 gere
1070 3317 1153 3374 valet.
1170 3315 1252 3373 Oculi
1264 3317 1341 3374 enim
1353 3316 1450 3373 carnei
1461 3321 1540 3387 sunt,
1551 3322 1580 3374 et
1590 3317 1691 3374 dentes
1701 3333 1737 3374 ex
1746 3317 1817 3374 ossi·

109 3409 173 3483 qui,
181 3411 249 3484 pest
257 3406 354 3463 multa
364 3405 474 3480 flagitia
482 3409 656 3478 perpetrata,
664 3407 700 3462 ad
709 3406 939 3479 omnipotentem
994 3410 1060 3466 bna.
1079 3407 1169 3479 igitur
1184 3423 1252 3462 cum
1263 3406 1344 3474 dixit,
1354 3429 1368 3456 a
1379 3405 1420 3461 ibi
1431 3405 1485 3462 erit
1496 3406 1581 3462 iletus
1590 3410 1619 3462 et
1629 3405 1737 3463 stridor
1748 3407 1818 3462 den-

109 3493 538 3561 Deumconvartuntur.Vel,ab
547 3495 720 3567 oriente,qni
730 3495 765 3550 ab
774 3495 839 3568 ipsa
848 3495 940 3553 inlan-
994 3497 1101 3564 tium,·
1116 3495 1145 3551 in
1156 3496 1257 3552 eadem
1268 3495 1373 3568 effigie,
1386 3512 1444 3567 qua
1453 3495 1627 3568 inpraesenti
1639 3495 1745 3551 seculo
1758 3512 1819 3551 ms·

110 3587 155 3644 tia
167 3585 211 3643 rel
227 3583 356 3659 pueritia
370 3587 426 3640 Deo
441 3582 529 3639 servit
540 3599 547 3636 :
558 3582 594 3639 ab
609 3583 768 3650 occidente,
786 3583 836 3655 qni
851 3582 880 3638 in
896 3601 941 3641 se·
996 3602 1112 3652 nemus,
1126 3583 1254 3640 ostendit
1270 3600 1322 3639 nos
1337 3583 1368 3638 in
1383 3583 1480 3640 tuturo
1497 3587 1721 3640 resurrecturos.
1738 3582 1820 3640 Unde

112 3679 231 3733 nectute
244 3672 290 3729 vel
307 3671 456 3745 decrepita
470 3675 553 3727 etate
568 3672 604 3727 ad
619 3671 670 3728 Dei
687 3671 857 3729 servitutem
873 3690 941 3730 con-
996 3673 1066 3729 alibi
1075 3673 1236 3730 beatuslob
1246 3673 1330 3728 dicit:
1341 3695 1355 3723 a
1365 3671 1454 3728 Crede
1465 3673 1543 3745 qnod
1553 3671 1820 3745 Redemptormeus

112 3765 248 3822 vertitur.
266 3762 446 3818 Recumbere
460 3764 558 3817 autem
573 3775 640 3816 curn
655 3761 802 3817 Abraham
819 3765 847 3818 et
863 3763 943 3819 laaac
997 3761 1076 3830 vivit,
1093 3761 1160 3818 etin
1177 3759 1334 3816 novissimo
1345 3759 1391 3818 die
1407 3760 1442 3816 de
1458 3763 1535 3816 terra
1545 3765 1731 3817 surrecturus
1743 3776 1819 3816 sum.

114 3853 240 3908 attacob
251 3851 281 3906 in
293 3848 594 3923 regneeoelorurn,est
604 3849 634 3905 in
645 3849 701 3904 fide
711 3849 943 3921 patriarcharum
998 3851 1034 3907 Et
1050 3867 1166 3907 rursum
1183 3849 1387 3906 circumdabor
1401 3847 1475 3920 pelle
1490 3865 1565 3916 mea,
1577 3851 1605 3904 et
1619 3849 1648 3904 in
1660 3865 1747 3904 earne
1758 3863 1823 3904 mee

115 3944 216 4014 gentes
232 3937 426 4011 requiescere,
443 3935 571 3994 atilium
586 3938 703 3993 credere
719 3937 842 4006 venisse,
857 3955 944 4012 quem
998 3939 1101 3996 videbe
1121 3940 1221 4002 Deum,
1240 3953 1328 4008 quem
1352 3935 1469 3992 visurus
1485 3953 1552 3992 sum
1569 3953 1622 4010 ego
1635 3936 1708 4010 ipse,
1722 3940 1750 3996 et
1765 3953 1823 3992 non

118 4029 211 4086 saneti
226 4025 402 4102 patriarches
417 4030 572 4083 venturum
585 4027 945 4100 prophetaverunt.Terri-
999 4027 1086 4095 alius,
1100 4025 1720 4098 eloculimeiconspecturisunt(leb.nrx),e
1730 4025 1823 4091 idest,

120 4115 301 4174 uersantem
324 4115 361 4172 de
383 4114 493 4172 luderis
519 4113 687 4188 predicitur
708 4115 862 4186 sententia,
878 4133 945 4174 eum
1001 4134 1058 4174 nen
1075 4115 1132 4173 alia
1148 4115 1241 4188 figura
1265 4129 1317 4186 pro
1333 4131 1390 4180 me,
1405 4115 1455 4170 sed
1472 4130 1525 4186 ego
1540 4114 1603 4187 ipse
1618 4131 1685 4170 eum
1710 4114 1823 4170 videbo.

122 4206 247 4261 dicitur:
1000 4201 1825 4274 QuamctiamDominus,cumpostsuamrcsnrrectienem
1854 4191 1858 4200 ’

161 4318 174 4345 e
189 4295 248 4351 Filii
265 4297 365 4350 autem
382 4291 461 4367 regni
485 4293 575 4365 hujus
600 4291 753 4363 ejicientur
768 4293 797 4348 in
813 4293 948 4348 tenebras
1001 4295 1169 4366 loqueretur
1185 4289 1348 4363 discipulis,
1363 4289 1500 4356 ostendit,
1517 4289 1616 4346 dicens
1641 4292 1715 4362 (Luc.
1731 4288 1823 4360 xxrv):

128 4405 141 4432 u
158 4383 317 4441 exteriores.
328 4405 342 4432 e
359 4381 447 4439 lilios
462 4381 545 4454 regni
560 4381 677 4437 Judaeos
693 4379 774 4448 dicit,
784 4382 833 4454 qui
846 4381 948 4437 merite
1004 4405 1017 4432 «
1034 4381 1135 4437 Videte
1151 4395 1257 4435 manus
1272 4395 1352 4434 meas
1368 4381 1396 4432 et
1410 4378 1498 4450 pedes
1514 4394 1605 4444 meos,
1617 4376 1747 4450 quiaege
1763 4376 1825 4450 ipse

129 4472 178 4528 lilii
187 4472 264 4548 regni
275 4470 474 4545 appellantur,
482 4469 552 4543 quia
563 4487 614 4542 pre
625 4485 724 4525 amere
735 4470 816 4543 regni
829 4470 947 4539 terreni,
1004 4487 1081 4527 sum.
1092 4491 1106 4520 »
1124 4469 1290 4524 utiterum:
1305 4489 1319 4514 α
1337 4465 1456 4538 Palpate
1471 4471 1498 4521 et
1513 4464 1606 4520 videte
1622 4464 1690 4536 quia
1705 4461 1827 4537 spiritus

128 4559 266 4618 celestem
281 4575 379 4633 regem
390 4560 508 4616 credere
519 4557 686 4626 noluerunt,
697 4557 827 4614 dicentes
838 4558 928 4615 Pilato
941 4574 947 4613 :
965 4577 988 4640 p,
1004 4575 1119 4616 carnem
1132 4561 1160 4613 et
1173 4574 1238 4612 oasa
1250 4573 1306 4610 non
1318 4553 1415 4623 habet,
1428 4554 1504 4610 sicut
1514 4570 1560 4609 mc
1570 4552 1801 4610 videtishabere.
1812 4575 1826 4602 »

128 4671 142 4696 «
158 4649 215 4705 lion
230 4649 375 4706 babemus
390 4663 488 4721 regem
505 4646 561 4702 nisi
585 4645 727 4702 Cesaram
742 4649 832 4717 (loen.
850 4649 915 4716 nx).
934 4669 948 4696 a
1042 4671 1052 4697 a
1067 4648 1099 4702 lit
1110 4644 1182 4702 dixit
1197 4646 1284 4701 lesus
1294 4643 1475 4700 centurioni:
1491 4643 1580 4711 Vade,
1593 4643 1669 4700 sicut
1679 4641 1828 4699 credidisti

128 4733 163 4790 et
175 4738 278 4793 iterum
295 4751 419 4810 regnum
440 4741 590 4792 terrenum
616 4735 767 4806 eligentes,
783 4741 812 4792 et
834 4734 950 4792 coeleste
1006 4759 1020 4788 a
1039 4737 1090 4792 fiat
1104 4734 1167 4791 tibi.
1184 4735 1219 4789 st
1234 4737 1356 4790 sanatus
1378 4738 1423 4788 est
1438 4748 1511 4803 puer
1525 4749 1559 4787 ex
1574 4730 1625 4786 illa
1639 4730 1721 4785 hora.
1739 4752 1752 4780 a
1779 4729 1828 4784 llic

130 4831 305 4898 respuentes,
332 4824 492 4881 dixerunt:
510 4845 524 4874 «
540 4822 615 4892 Quid
641 4823 879 4897 faciemusque
902 4824 951 4880 hic
1005 4816 1831 4893 considerandumestqnantnmunumquemquepropria

131 4909 212 4969 hemo
228 4913 321 4970 multa
335 4911 421 4987 signa
442 4912 538 4969 lacit?
552 4911 577 4968 si
603 4911 781 4968 dimittimus
805 4927 872 4968 eum
897 4913 950 4985 sic,
1006 4915 1079 4971 lldcs
1089 4908 1343 4983 adjuvet,quand0
1354 4913 1469 4966 tantum
1479 4906 1699 4984 proliritalicne.
1712 4907 1832 4980 Propter

133 5013 227 5057 omnes
240 5001 361 5058 eradent
373 5001 403 5056 in
415 4999 657 5067 eum‚etvenient
667 4999 801 5068 Romani,
811 5005 840 5056 et
850 5000 952 5057 tollent
1006 5003 1094 5058 fidem
1110 5000 1189 5056 enim
1204 4997 1395 5066 centurionis,
1412 4997 1527 5053 reddita
1542 5001 1586 5053 est
1601 5012 1692 5070 puero
1708 4995 1829 5052 sanitas.

133 5093 258 5146 nestrum
274 5090 373 5146 lecum
388 5093 417 5146 et
431 5093 547 5164 gentem
570 5091 657 5158 (teon.
672 5093 723 5156 xx).
740 5109 755 5141 a
772 5089 844 5146 Nam
860 5088 951 5145 iudei
1007 5091 1228 5161 Fidesnamque
1239 5103 1345 5160 magna
1355 5089 1399 5141 est
1409 5085 1512 5152 virtus,
1523 5090 1561 5154 et,
1571 5091 1603 5142 ut
1614 5083 1831 5157 aitApostolus,

135 5177 184 5233 sub
197 5183 338 5252 potestate
355 5179 553 5236 Romanorum
569 5181 653 5234 erant
667 5177 831 5246 constituti,
844 5181 873 5233 et
888 5177 952 5234 iden
1009 5205 1022 5231 «
1040 5179 1102 5237 sine
1117 5194 1175 5251 qua
1191 5175 1373 5249 impossibile
1388 5177 1432 5230 est
1446 5178 1560 5248 placere
1574 5175 1631 5231 Deo
1648 5173 1741 5248 (Hebr.
1755 5175 1806 5242 xr).
1818 5195 1832 5225 a

136 5263 184 5322 hac
197 5267 348 5326 occasione
363 5267 486 5341 decepti,
502 5265 655 5336 timebant,
670 5271 703 5322 ut
722 5268 746 5324 si
773 5285 789 5324 a
814 5267 953 5323 Romanis
1009 5267 1049 5324 De
1065 5283 1122 5338 qna
1132 5264 1220 5321 etiem
1231 5280 1282 5336 per
1292 5261 1427 5318 Habacuc
1438 5261 1609 5335 prophetem
1622 5261 1741 5318 dicitur:
1754 5283 1769 5311 e
1779 5260 1832 5316 Ju-

137 5357 428 5415 xexnevusinludaea
439 5373 561 5430 regnare
571 5354 956 5422 audiretur,debellarentur
1010 5359 1073 5413 stus
1088 5357 1187 5410 autem
1216 5368 1299 5408 meus
1324 5367 1359 5407 ex
1374 5353 1431 5408 side
1455 5351 1524 5408 vivit
1547 5350 1717 5422 (llab.1r),›·
1743 5367 1833 5422 quam

140 5445 165 5496 et
177 5461 192 5499 a
205 5461 291 5520 regne
307 5446 491 5520 ejicerentur.
507 5445 582 5518 Ergo
598 5444 668 5516 quia
682 5444 775 5500 ludaei
789 5444 883 5516 magis
899 5447 954 5499 ter·
1010 5443 1153 5501 Dominus
1164 5439 1317 5513 discipulis
1330 5441 1550 5507 commendans,
1562 5439 1621 5496 ait:
1638 5461 1651 5489 a
1661 5437 1690 5493 si
1700 5437 1836 5495 habueri·

140 5541 231 5590 unum
242 5551 340 5609 regem
351 5551 440 5609 quam
452 5533 599 5591 coelestem
609 5531 781 5598 dilexerunt,
789 5549 846 5588 nen
860 5531 955 5588 selum
1011 5533 1050 5589 tis
1062 5532 1148 5586 fidem
1159 5529 1231 5585 sicut
1243 5546 1367 5602 granum
1376 5529 1498 5602 sinapis,
1508 5528 1642 5585 diceretis
1652 5525 1743 5584 urenti
1754 5525 1833 5591 huic,

141 5620 289 5693 celestem,
313 5626 363 5682 sed
389 5623 476 5683 etiam
498 5628 647 5681 terrenum
668 5621 865 5696 perdiderunt.
882 5623 957 5690 Quo·
1012 5619 1117 5679 Transi
1132 5619 1211 5688 binc,
1229 5624 1258 5674 et
1268 5619 1419 5676 transiret:
1432 5617 1528 5675 arbori
1538 5612 1796 5689 mere,*,ltradicnre
1806 5616 1836 5666 et
