3872 6168
167 309 226 390 siu
449 323 654 386 scultetus
675 321 951 385 uabssnusrlr.
973 319 1097 386 uersu.
1119 323 1207 386 OPP.
1229 323 1331 386 PARS
1352 323 1392 386 lt.
1404 355 1443 370 -
1457 323 1586 388 douln.
1780 333 1829 398 380

169 483 181 514 ι
200 461 279 519 sunt.
298 479 312 509 n
327 455 553 516 lnxtalitteram
574 455 731 514 commotio
752 458 835 512 terres
850 459 879 511 et
898 457 995 528 petra·
1009 453 1038 522 Α
1053 459 1105 512 set.
1121 443 1491 532 lungitnrautemjustitie
1502 475 1566 516 oum
1576 458 1702 533 petentia,
1717 467 1746 520 ut
1757 464 1829 540 impe
1910 491 1911 504 ¹

168 567 234 608 rum
249 547 364 617 scissio,
380 551 521 606 terrorem
537 549 738 603 creaturarum
754 544 910 618 significet,
935 559 993 598 noa
1049 547 1106 601 trel
1122 563 1229 620 eorpus
1243 546 1360 604 Christi.

169 636 380 697 sustinentium
395 641 519 694 mortem
534 634 650 692 Domini
665 633 723 692 sui.
745 635 802 690 Sed
822 633 846 690 si
861 632 994 689 altiorem
1085 657 1099 684 a
1115 636 1150 691 Et
1163 639 1280 709 accepto
1296 653 1415 710 corporo
1426 635 1760 711 uhristi,Jossphinvoldt
1771 643 1828 702 illud
1910 645 1911 670 ¹

168 726 391 802 intelligentiam
406 725 448 782 ibi
474 726 671 798 requiremus,
692 741 744 798 por
767 721 993 780 commotionem
1048 722 1078 780 in
1094 724 1217 782 sindone
1233 727 1353 782 munde.
1370 748 1383 778 n
1401 725 1828 802 blasimplioisepulturabomini,
1910 767 1911 770 =

168 821 253 875 terre
265 820 294 873 et
309 815 481 873 scissionem
498 818 658 888 petrarum,
674 813 878 888 significantur
901 815 994 867 terro·
1048 813 1261 871 condemnatur
1275 815 1538 882 ambitiodivitum,
1553 813 1829 889 quineqneinlumulis
1910 871 1911 882 .

168 924 275 964 norum
290 907 377 963 corda
399 905 553 962 hominum
579 903 614 960 ad
640 901 840 976 paenitentiam
864 916 992 956 eommo-
1047 902 1167 973 quidem
1182 909 1307 976 possunt
1321 921 1419 961 carcre
1434 904 1550 961 divitiis.
1562 908 1632 960 htox
1644 905 1829 980 hoopossnmas

167 997 271 1055 venda.
1047 991 1222 1065 simpliciter
1235 992 1406 1068 intelligere,
1416 991 1829 1066 quodsiouloorpusDomiailin·
1910 991 1911 994 ’

204 1111 218 1138 «
232 1089 266 1144 st
282 1084 375 1142 multa
390 1101 511 1156 corpora
526 1085 705 1146 sanctornm,
722 1098 786 1154 qus
801 1079 991 1146 dormierant,
1047 1082 1093 1136 teo
1108 1099 1182 1153 puro
1196 1080 1359 1139 in'volutum
1375 1081 1429 1139 luit
1443 1082 1473 1138 in
1490 1086 1681 1152 monumento,
1696 1083 1733 1140 ita
1744 1093 1829 1159 myste-

168 1201 183 1229 «
196 1177 394 1234 surrexerunt.
414 1197 426 1222 n
443 1173 524 1230 Sient
539 1173 665 1228 Lazarus
681 1170 905 1235 suscitetusest,
918 1167 994 1226 itaet
1047 1169 1124 1226 rium
1140 1171 1234 1228 saneti
1250 1171 1351 1228 altar's
1366 1189 1424 1228 non
1439 1170 1506 1228 licet
1521 1173 1549 1227 in
1566 1172 1666 1244 pannis
1677 1174 1709 1230 de
1722 1181 1830 1232 aoraton·
1910 1191 1911 1194 ’

167 1267 215 1324 isti
232 1263 365 1320 suscitati
382 1266 460 1332 sunt,
480 1265 512 1317 ut
520 1261 644 1317 Domino
653 1258 817 1334 resurgenti
824 1255 992 1314 testimonia
1046 1257 1084 1315 tis
1100 1259 1250 1328 celebrari,
1266 1261 1830 1336 sedinmundasindons.Persignificatio-

166 1355 363 1430 perhiberent.
378 1353 455 1409 Licet
474 1353 553 1408 onim
569 1349 689 1408 Domino
704 1350 848 1422 pendente
864 1348 893 1402 in
907 1363 992 1402 ornos
1047 1365 1114 1404 uem
1130 1349 1208 1406 eninr
1223 1349 1272 1407 illc
1286 1349 1830 1426 lesuminmundasinduneinvolvitqui
1910 1365 1911 1368 ’

166 1447 357 1500 monunnna
372 1445 471 1514 spreta
487 1442 646 1509 sunt,tunc
663 1437 990 1495 nemoillorumsenoto-
1046 1444 1262 1498 sacramentum
1278 1439 1358 1496 illius
1373 1456 1448 1514 pura
1462 1443 1560 1497 mente
1574 1439 1700 1514 suscipit.
1736 1485 1738 1490 .

165 1551 231 1591 rum
256 1531 391 1599 surrexit,
417 1547 511 1603 usque
527 1546 586 1603 quo
600 1527 743 1587 Dominus
767 1529 942 1600 resurgeret,
959 1529 992 1582 ut
1083 1552 1097 1579 a
1112 1529 1147 1584 Et
1161 1529 1260 1602 posuit
1273 1529 1302 1586 iu
1319 1533 1510 1586 monumento
1533 1546 1585 1586 suo
1600 1546 1669 1586 novo
1690 1533 1758 1602 quod
1775 1533 1832 1588 erci-

165 1625 228 1697 ipse
243 1624 321 1678 esset
335 1617 548 1694 primogenitus
564 1635 598 1674 ex
613 1616 748 1674 mortuis.
1047 1641 1061 1670 α
1077 1621 1159 1676 derat
1174 1618 1204 1674 in
1220 1623 1310 1692 petra.
1328 1641 1342 1670 a
1359 1623 1435 1674 Bene
1451 1617 1481 1674 in
1493 1622 1678 1675 monumento
1685 1635 1750 1676 noro
1758 1621 1832 1676 Domi·

200 1735 215 1763 «
227 1712 378 1766 Venerunt
393 1709 423 1764 in
435 1711 567 1764 sanctum
578 1705 734 1763 civitatem.
747 1727 760 1754 n
776 1706 912 1762 Sanctum
924 1704 991 1760 civi·
1045 1727 1101 1765 nus
1116 1709 1245 1781 ponitur,
1260 1712 1289 1765 et
1303 1725 1360 1764 non
1375 1708 1406 1763 in
1421 1707 1522 1776 veteri,
1539 1706 1831 1766 ucsoilioetaliisrema-
1910 1711 1911 1762 ἶ

163 1805 253 1859 tatem
270 1797 397 1872 appellat
420 1794 595 1866 Jerusalem,
616 1812 675 1852 non
699 1795 778 1868 quod
791 1798 865 1851 tunc
889 1797 989 1852 sancta
1004 1829 1028 1895 B
1045 1799 1193 1867 nontihns,
1209 1798 1332 1855 Domino
1346 1801 1528 1872 resurgente,
1544 1795 1615 1854 alios
1628 1798 1773 1854 surrexisse
1792 1797 1833 1854 lra-

163 1897 250 1956 eeset,
267 1889 318 1946 sed
334 1886 404 1960 quia
418 1884 488 1942 olim
504 1886 606 1942 saneta
622 1883 726 1940 suisset
740 1887 860 1956 propter
874 1882 986 1940 cultum
1043 1891 1124 1961 gant,
1141 1887 1182 1944 Dc
1208 1886 1524 1954 monumentolcrunt,
1554 1885 1687 1959 quiillud
1715 1886 1832 1956 viderunt,
1910 1885 1911 1888 ’

163 1979 251 2037 unius
267 1977 328 2046 Dei,
345 1975 463 2033 nomine
474 1973 921 2047 scilicetpristiaopermanente.
932 1973 988 2028 «st
1042 1977 1120 2049 quod
1136 1975 1175 2032 sit
1187 1977 1293 2034 domus
1306 1977 1443 2044 rotunda,
1451 1975 1550 2032 excisa
1557 1976 1591 2032 de
1601 1976 1758 2048 subjacente
1765 1993 1832 2048 rupo:
1910 1981 1911 1984 ’

164 2091 179 2120 «
194 2068 395 2142 apparuerunt
409 2061 521 2120 multis.
537 2085 550 2114 a
566 2059 986 2130 Nonomaibus,sedillisdun·
1041 2069 1071 2122 et
1084 2069 1172 2122 tants.¹
1196 2063 1371 2132 altitudinis,
1398 2069 1430 2120 ut
1456 2065 1506 2136 qai
1526 2063 1607 2121 intas
1630 2064 1722 2132 luerit,
1742 2069 1835 2122 entems

162 2161 244 2216 taxat
258 2156 310 2230 qui
326 2154 407 2228 digni
424 2153 542 2210 luerunt
556 2169 658 2210 eorum
673 2151 794 2209 visione.
1042 2171 1131 2209 mauu
1148 2169 1287 2210 cacumen
1303 2151 1383 2210 illius
1397 2156 1518 2227 tangere
1533 2154 1635 2226 possit.
1651 2153 1755 2210 Habeas
1765 2153 1834 2210 intro·
1910 2217 1911 2220 Ἴ

200 2270 214 2299 «
231 2244 368 2303 Centurio
384 2247 494 2309 autem,
509 2240 604 2315 etqui
619 2257 686 2298 cnm
701 2241 766 2315 ipso
782 2244 874 2310 erant,
889 2245 987 2297 ousta·
1040 2241 1114 2298 itum
1130 2242 1166 2298 ab
1182 2241 1315 2300 orientali
1327 2241 1474 2314 pertenui
1484 2241 1836 2317 lapisillemagnasepposi-

163 2359 177 2388 n
195 2336 309 2393 dientes
320 2334 434 2402 lesum,
449 2331 511 2388 viso
533 2334 710 2400 terremotu,
736 2331 826 2388 ethis
847 2347 910 2403 quoe
936 2330 986 2385 fic*
1041 2335 1089 2387 tus
1104 2335 1157 2388 est.
1176 2332 1207 2387 ln
1223 2332 1308 2404 cujus
1323 2329 1487 2404 aquilonari
1502 2331 1835 2404 parteoerpusDominija·
1910 2323 1911 2332 ’

163 2450 177 2478 «
194 2427 275 2495 hant,
290 2423 455 2480 timuerunt
467 2420 562 2491 valdo,
577 2419 721 2477 dieentes:
738 2419 811 2476 Vere
831 2418 920 2476 Filius
936 2417 986 2476 Dei
1041 2420 1110 2486 cuit,
1127 2419 1239 2478 habens
1252 2423 1363 2492 septem
1379 2419 1423 2477 vel
1438 2424 1503 2477 octo
1519 2423 1628 2494 pedum
1652 2411 1836 2494 longitudinem

162 2540 177 2568 «
193 2518 256 2572 erat
272 2514 337 2570 iste.
353 2533 366 2560 a
381 2512 413 2568 ln
430 2511 486 2567 side
501 2509 691 2576 centurionis,
707 2509 757 2581 qui
774 2507 892 2582 gentilis
912 2512 985 2574 orat,
1040 2507 1130 2566 trium
1146 2507 1311 2583 palmarum
1326 2508 1460 2566 eminens
1475 2509 1837 2582 eceteroparimentollrat
1910 2505 1911 2558 l

161 2605 234 2662 lidos
250 2603 382 2658 omnium
398 2599 530 2675 gentium
543 2598 724 2672 designatur.
737 2597 986 2654 Credenteautsm
1041 2600 1139 2654 autem
1155 2596 1235 2653 rubri
1250 2600 1279 2653 et
1294 2597 1411 2654 candidi
1427 2597 1532 2654 coloris
1562 2597 1755 2672 hujuscemodi
1768 2597 1837 2672 lapis,

161 2692 340 2762 centurione,
355 2689 447 2748 Jndaei
463 2705 522 2749 non
538 2687 634 2746 solum
650 2703 709 2744 non
722 2685 918 2755 erediderunt,
935 2685 985 2742 sod
1040 2685 1118 2758 quod
1134 2702 1263 2759 persone
1278 2683 1435 2744 salvatoris
1448 2686 1838 2760 aptissimoconvenitcnillo-

161 2783 249 2842 etiam
265 2777 539 2852 timueruntrquia,
559 2777 696 2851 gentibus
717 2775 868 2833 Christum
893 2773 985 2832 susci·
1041 2771 1129 2832 alesia
1144 2773 1174 2830 ia
1190 2774 1307 2832 Cantica
1321 2775 1430 2834 amoris
1444 2775 1531 2833 dicit:
1549 2775 1837 2835 «Dilectusmousoen

161 2871 319 2948 pientibus,
334 2868 428 2928 Judaei
442 2869 473 2926 in
488 2885 543 2926 sua
557 2865 680 2942 pertidia
694 2868 909 2923 remanserunt.
1040 2863 1127 2920 didus
1142 2868 1170 2920 et
1185 2862 1368 2922 rubicundus
1383 2865 1473 2938 (Cant.
1489 2865 1528 2938 v).
1546 2888 1563 2916 »
1580 2866 1723 2924 Candidas
1737 2863 1837 2929 scilicet,
1910 2859 1911 2912 l

198 2985 211 3014 «
228 2962 316 3017 lirant
331 2961 429 3015 autem
444 2956 485 3014 ibi
500 2955 639 3012 mulieres
654 2954 753 3012 multe
768 2971 785 3010 a
800 2954 895 3028 longe,
922 2970 985 3027 que
1040 2951 1109 3026 quia
1125 2955 1276 3027 peecatum
1292 2969 1350 3010 non
1360 2953 1441 3010 lecit:
1454 2953 1725 3028 rubicundus,quia
1736 2952 1838 3028 proprio

163 3074 178 3103 n
195 3054 301 3108 secate
315 3051 399 3105 orant
412 3048 513 3105 lesum
529 3063 546 3104 a
560 3044 677 3102 Calilea
700 3043 901 3102 ministrantes
916 3043 952 3100 ei.
972 3066 983 3094 ι
1040 3041 1187 3116 passionis
1199 3058 1301 3100 cruore
1317 3059 1468 3116 respersus
1479 3047 1533 3100 ost.
1551 3064 1568 3095 ι(
1585 3041 1742 3102 Etadvotvit
1754 3059 1838 3100 saxum

160 3137 346 3197 Consuetudo
361 3139 423 3194 erat
438 3135 515 3210 apud
531 3134 658 3203 ludaeos,
676 3149 728 3190 nec
743 3133 933 3206 reputabatur
949 3132 984 3189 ad
1041 3153 1054 3182 a
1072 3146 1210 3203 magnum
1229 3131 1264 3188 ad
1275 3131 1385 3188 ostium
1394 3134 1631 3204 monumenti‚et
1645 3131 1722 3190 abiit.
1734 3153 1746 3182 n
1756 3129 1839 3188 Dirinn

161 3227 288 3304 culpam,
304 3227 328 3282 si
345 3224 483 3284 mulieres
498 3223 639 3297 religiose
655 3221 856 3280 ministrarent
877 3238 982 3295 praero·
999 3204 1020 3272 G
1039 3219 1221 3295 providentia
1236 3223 1334 3278 uotum
1349 3225 1402 3278 est.
1419 3225 1453 3278 ut
1468 3238 1718 3296 magnumsaxum
1732 3219 1838 3278 advolve·

116 3323 120 3332 ‘
160 3310 984 3394 pleribussuisdesubstantiasna.OnodPaulusaposto·
1038 3308 1690 3380 rintadostiummonumenti,nesimedicuu1
1700 3309 1838 3368 advolvere

161 3405 219 3473 lus,
236 3421 271 3461 ne
283 3398 982 3476 scandalumgsntibasiaceret,vitevit,diceado:
1037 3402 1096 3468 tur,
1112 3397 1291 3456 calumniam
1307 3403 1454 3458 struerent
1467 3399 1570 3457 scribe
1585 3405 1614 3460 et
1627 3396 1839 3471 Pharisai,quod

161 3516 175 3546 n
190 3491 331 3564 Nunquid
346 3485 984 3563 potestatemnonhabemusoircumducendi
1038 3487 1115 3546 furto
1128 3487 1285 3545 mulierum
1301 3488 1343 3546 vel
1358 3487 1572 3563 discipulorum
1589 3492 1736 3549 sublatum
1753 3487 1840 3544 fuisset

161 3596 276 3638 sorores
291 3582 406 3635 nostras
422 3579 446 3652 (l
460 3575 665 3645 scannullas
681 3591 749 3648 orgo
764 3573 984 3649 mulieresque
1038 3593 1144 3652 corpus
1158 3577 1239 3634 lesu.

160 3667 267 3728 dventi
281 3666 405 3724 Domino
415 3665 661 3732 ministraverant,
670 3663 801 3721 etiamad
817 3663 984 3738 passionem
1075 3691 1089 3718 «
1106 3665 1176 3722 Erat
1188 3668 1288 3724 autem
1303 3665 1344 3723 ibi
1360 3665 1642 3742 MarisMsgdalone,
1661 3691 1675 3718 o
1690 3668 1842 3725 elenando

160 3759 366 3832 procedentem
377 3755 586 3829 sequebantur,
596 3755 629 3810 ut
644 3751 802 3810 cuivivonti
815 3754 983 3824 servierant,
1039 3755 1178 3813 mulieres
1191 3755 1242 3829 qui
1256 3755 1414 3814 Dominum
1435 3755 1544 3814 arctius
1570 3761 1749 3828 amaverant,
1773 3753 1844 3812 ctiam

161 3846 250 3904 etiam
265 3849 381 3902 mortuo
396 3845 636 3916 obsequerentur.
1039 3846 1214 3904 morientem
1230 3862 1325 3919 usquo
1339 3846 1429 3902 lanus
1446 3845 1612 3912 subsecutae
1627 3851 1706 3906 sunt.

198 3959 212 3986 a
229 3929 985 4008 intorqueserathlarialdagdalens.»MariaMegde
1077 3934 1205 3992 «Altera
1229 3939 1328 3992 nutem
1357 3934 1414 4005 die,
1431 3951 1495 4008 quae
1515 3939 1559 3992 est
1589 3941 1657 4010 post
1679 3949 1845 4010 parasceven,

161 4024 226 4083 lene
241 4024 307 4099 ipsa
320 4028 374 4092 est,
391 4023 427 4080 de
437 4039 496 4096 qua
509 4021 651 4080 Dominus
661 4021 985 4094 septemdoemoniasjc·
1041 4047 1055 4077 n
1072 4027 1270 4082 convenerunt
1284 4023 1431 4096 principes
1447 4025 1635 4083 sacerdotum
1646 4030 1675 4084 et
1685 4019 1844 4082 Phariseiad

161 4119 250 4172 cerat.
267 4113 347 4170 Dicta
362 4116 459 4169 autem
477 4109 647 4186 ltlagdalene
663 4129 680 4168 a
698 4110 830 4184 Magdalu
855 4111 984 4180 castello,
1041 4136 1055 4164 ι(
1071 4113 1208 4171 Pilatum.
1225 4135 1239 4164 »
1255 4111 1353 4169 Altera
1367 4117 1464 4170 autem
1479 4113 1535 4182 die,
1552 4113 1653 4186 idest,
1674 4115 1720 4171 die
1734 4109 1842 4170 sabboti.

163 4227 177 4255 α
189 4207 217 4262 ct
231 4201 323 4260 Maria
337 4201 448 4259 iacobi.
458 4198 819 4258 »blatervidelicetlncobi
831 4200 985 4274 cthsoph,
1040 4202 1191 4276 Siquidem
1207 4207 1289 4259 sexta
1303 4201 1375 4260 teria
1389 4202 1532 4260 Dominus
1556 4205 1715 4262 orucillrus
1728 4207 1778 4270 est,
1789 4200 1844 4256 seb·

162 4293 212 4366 qui
229 4292 258 4349 ia
273 4289 429 4365 Evangelio
444 4290 549 4346 iratres
563 4289 679 4346 Domini
701 4286 895 4364 appellantur.
921 4290 986 4347 Hoc
1040 4293 1107 4350 bato
1122 4290 1231 4364 quievit
1246 4291 1275 4348 in
1291 4289 1435 4366 sepulcro,
1451 4296 1562 4360 octavo,
1573 4294 1624 4368 qui
1634 4291 1845 4368 estprimus,re·

163 4382 255 4440 Maria
271 4380 326 4438 luit
341 4379 457 4436 Domini
474 4381 638 4436 matertere.
1040 4381 1175 4439 surrexit.
1192 4381 1227 4437 lit
1241 4379 1364 4454 pulchro
1379 4381 1490 4451 ordine,
1507 4375 1847 4454 quiahomosextadiela·

198 4496 210 4522 α
229 4472 302 4528 Cum
317 4487 382 4528 sero
397 4473 495 4527 autem
519 4467 628 4525 lactum
652 4469 739 4534 esset,
763 4468 843 4526 venit
865 4468 985 4540 quidem
1041 4475 1106 4527 ctas
1121 4473 1177 4540 est,
1193 4473 1222 4525 et
1235 4469 1312 4526 Deus
1328 4468 1452 4542 septimo
1467 4471 1664 4543 requievitdie
1676 4473 1712 4528 ab
1727 4467 1847 4528 omnibus

161 4583 177 4612 e
193 4560 281 4616 homo
296 4558 376 4616 divos
390 4558 427 4615 ub
440 4556 614 4625 Arimathia,
630 4557 748 4614 nemine
761 4557 879 4631 loseph,
896 4559 988 4631 quiet
1001 4579 1024 4645 [J
1040 4557 1176 4634 operibus
1192 4556 1265 4624 suis,
1281 4556 1405 4631 pulchra
1418 4557 1530 4616 ratione
1543 4560 1690 4620 Dominus
1699 4564 1777 4619 sexta
1789 4555 1849 4614 serie

162 4670 176 4698 e
191 4646 254 4720 ipse
270 4645 434 4718 discipulus
457 4649 520 4701 erat
538 4645 620 4712 lesu,
637 4644 689 4700 llic
712 4645 835 4702 secessit
858 4646 894 4702 ad
910 4643 984 4702 Pila·
1040 4664 1133 4722 genus
1148 4647 1313 4704 humanum
1324 4663 1378 4704 sna
1391 4647 1531 4720 passione
1546 4649 1681 4720 redemit,
1702 4641 1848 4706 sabbatoiu
1910 4643 1911 4658 ¹

162 4759 176 4786 «
191 4738 265 4807 tum,
279 4737 308 4792 et
324 4734 407 4808 petiit
421 4751 527 4807 carpas
541 4735 621 4790 lesu.
640 4756 654 4784 n
668 4733 840 4804 Arimathia,
862 4734 927 4808 ipse
941 4740 986 4793 est
1040 4735 1173 4811 sepulcro
1190 4735 1308 4810 quievit,
1324 4739 1426 4794 octavo
1441 4736 1489 4794 die
1503 4738 1760 4806 resurrexitonod
1774 4734 1849 4792 etiam

163 4824 358 4894 Ramathaim,
374 4823 476 4880 civitas
490 4820 742 4879 videlicetllleanss
758 4823 890 4879 ethnae.
901 4823 984 4881 Dives
1039 4843 1092 4901 pro
1109 4830 1209 4884 nostra
1223 4823 1318 4882 salute
1332 4828 1448 4882 coastat
1463 4841 1528 4883 esse
1539 4829 1648 4886 actum.
1657 4827 1801 4900 Siquidem
1808 4835 1849 4894 por

161 4917 259 4970 autem
276 4911 384 4987 loseph
399 4911 517 4980 dieitur,
533 4911 635 4969 noncb
643 4909 984 4986 jactantiamsoriptoris,
1039 4933 1090 4972 sex
1104 4913 1201 4974 sonuli
1216 4917 1315 4970 etates
1330 4930 1397 4972 oum
1409 4913 1850 4989 Dominopetimur,septimaau·

161 5003 194 5055 ut
209 5001 351 5057 Dominns
366 5002 485 5060 divitem
498 4998 677 5074 discipulam
701 4998 807 5056 habere
825 4996 983 5070 videretur,
1038 5009 1109 5074 tem,
1124 5021 1188 5078 quse
1203 5019 1282 5060 nunc
1297 5006 1351 5072 est,
1363 5003 1716 5076 postDominiadventum
1729 4999 1850 5060 inanime

161 5089 212 5144 sed
229 5091 260 5143 ut
275 5089 455 5160 ostendetur,
473 5090 633 5165 quinaliter
646 5088 808 5163 apraslecto
818 5091 984 5163 corpusDo·
1039 5112 1107 5151 cnm
1122 5093 1244 5151 Domino
1252 5091 1475 5166 requiescimus,
1490 5098 1692 5168 exspectantes
1705 5093 1779 5150 diem
1786 5091 1857 5146 uult·-

161 5176 234 5234 mini
250 5193 307 5234 uon
323 5180 435 5250 poterat
449 5180 615 5252 impetrare,
633 5179 690 5237 nisi
705 5179 784 5236 divos
799 5183 886 5236 esset.
903 5182 986 5237 Tune
1038 5201 1118 5254 vum,
1135 5187 1163 5241 et
1178 5182 1419 5240 resurrectionem
1434 5183 1611 5257 generalem,
1627 5187 1662 5241 ut
1673 5181 1791 5256 receptis
1800 5191 1849 5233 eor

161 5265 240 5322 enirn
254 5265 398 5338 temporis
413 5267 523 5323 nomini
537 5265 652 5338 licebat,
671 5267 727 5326 nisi
741 5267 853 5341 potenti
869 5269 984 5326 etdiviti
1039 5273 1170 5348 poribus,
1188 5273 1283 5330 simus
1299 5271 1481 5330 immortales
1496 5272 1526 5330 in
1552 5289 1673 5346 corpore
1688 5277 1718 5330 et
1732 5272 1849 5328 incorru-

162 5356 198 5411 ad
213 5353 368 5428 praesidem
384 5353 503 5413 intrare.
522 5355 604 5414 Dives
626 5358 743 5428 etenim,
760 5361 790 5414 et
804 5375 862 5415 non
886 5359 985 5418 minus
1039 5361 1157 5436 ptibiles
1172 5363 1202 5418 in
1218 5364 1324 5418 mento.

157 5445 258 5518 justus
274 5442 390 5500 dicitur.
408 5443 438 5501 si
453 5444 532 5501 enirn
548 5445 628 5502 dives
644 5463 701 5503 non
717 5451 804 5517 esset,
815 5450 985 5522 corpusDo-
1076 5475 1089 5502 a
1106 5451 1237 5519 Domine,
1263 5449 1406 5508 recordati
1434 5467 1539 5508 sumus
1566 5451 1634 5524 quia
1657 5449 1790 5508 seductor
1810 5440 1851 5500 ilie

59 5567 65 5588 ,
162 5533 234 5592 mini
248 5533 405 5607 impetrare
419 5550 475 5590 non
493 5534 646 5608 potuisset.
664 5536 692 5593 Si
709 5540 806 5594 autem
816 5539 918 5610 justus
928 5557 984 5596 non
1040 5563 1054 5592 «
1071 5541 1144 5597 dixit
1159 5539 1254 5596 adhuc
1269 5537 1381 5596 vivens:
1400 5538 1470 5596 Post
1485 5544 1545 5598 tres
1559 5538 1792 5613 diesresurgam·
1805 5531 1852 5588 nllt

161 5628 248 5694 esset,
264 5639 453 5698 nequequam
469 5623 577 5698 dignus
592 5625 905 5699 Dominicasepultura
915 5630 986 5688 iuis·
1040 5629 1157 5686 nomino
1172 5627 1335 5684 seductoris
1350 5630 1379 5684 et
1394 5628 1699 5700 luris,lioetuoleutss,
1713 5623 1852 5682 veritatem
