4018 6178
119 327 170 392 m
594 340 599 345 ·
732 297 910 387 nauium
931 305 981 386 ns
1003 323 1205 394 ruurous.
1568 305 1571 312 “
1759 319 1822 412 raa

117 455 284 520 admirando
307 454 462 516 dixerunt:
485 481 499 509 a
515 454 626 528 Qualis,
645 479 658 508 »ν
673 458 701 514 et
716 453 838 529 reliqua.
854 453 935 514 Unde
950 456 977 526 Α
991 459 1097 523 cessat,
1108 453 1446 514 dicenseumPealmista
1456 454 1540 525 (Psoi.
1552 453 1641 530 xuruh
1654 455 1815 531 «Exsurge,

116 547 482 616 benebomiuesdiauntur,
493 544 939 622 quiahumnnasapiebant,aosi
992 563 1083 619 quare
1097 545 1258 617 obdormis,
1274 545 1420 602 Domine?
1436 567 1449 595 a
1466 545 1501 602 Et
1515 544 1632 601 iterum.
1651 532 1816 622 «Exsurge,

116 639 268 696 dixissent:
285 639 344 695 lste
355 639 449 712 maJ'or
463 641 507 693 est
521 636 655 710 patribus
670 635 788 702 nostris,
805 633 855 707 qui
871 649 937 690 cum
992 635 1124 704 Domine,
1139 635 1245 707 adjura
1255 650 1318 706 nos,
1331 657 1341 685 ι
1355 638 1383 691 et
1393 633 1515 707 reliqua.
1527 657 1542 685 a
1552 635 1587 692 Et
1597 635 1819 709 surgensimpe·

115 726 339 801 hiopsesbuculo
356 743 447 800 aquas
458 725 547 782 maris
559 723 701 790 diviserit,
718 728 746 779 ct
760 721 839 780 Elias
851 721 938 797 pallio
992 725 1067 781 ravit
1088 724 1182 781 ventis
1197 729 1225 780 et
1249 723 1333 792 mari,
1352 746 1366 774 »
1382 724 1499 797 qnando
1521 727 1695 780 testamenta
1709 723 1817 781 diaboli

115 833 201 890 aquas
211 813 367 884 Jordanis3
384 815 431 870 hio
442 814 503 871 solo
513 814 600 870 verbo
610 813 703 869 maria
712 816 741 868 et
752 816 938 885 tempestates
993 819 1093 870 contra
1109 817 1235 870 mentem
1251 813 1304 870 viri
1316 813 1408 870 sancti
1420 813 1603 888 insurgentia
1612 813 1819 886 conquiescere

115 905 262 980 quiescere
277 903 355 960 facit.
372 903 426 960 Sed
439 903 498 959 hec
513 900 608 970 lectio,
624 902 757 974 quamvis
773 900 940 976 specialiter
993 905 1072 971 facit,
1089 906 1116 960 et
1130 920 1198 960 eum
1209 902 1264 960 sibi
1277 901 1366 960 libere
1376 903 1483 958 servire
1494 902 1647 976 permittit.
1664 903 1708 960 Fit
1719 907 1818 960 autem
1835 899 1839 907 '

115 995 146 1049 ad
161 991 314 1067 apostolos
337 992 471 1048 videatur
493 992 648 1066 pertinere,
665 1007 824 1063 possumus
839 989 938 1046 tamen
992 991 1190 1066 tranquillitas
1205 1009 1322 1064 magna,
1334 991 1404 1064 quia
1414 1007 1448 1048 ea
1458 1009 1523 1064 qum
1537 989 1619 1065 prins
1630 991 1743 1064 habuit,
1760 1010 1818 1050 non

115 1099 174 1139 eam
192 1081 232 1136 ad
248 1081 444 1137 universalem
463 1079 622 1137 Ecclesium
635 1081 751 1136 referre.
768 1079 841 1135 Nam
858 1082 938 1151 post·
993 1082 1057 1138 sine
1073 1081 1227 1138 formidine
1243 1080 1409 1138 observabit
1424 1081 1623 1155 postmodum,
1640 1081 1717 1137 sicut
1732 1086 1817 1139 uatu-

116 1187 200 1245 quem
213 1169 349 1226 Christus
358 1187 409 1242 per
419 1169 580 1243 tropheum
590 1173 697 1225 sunctae
708 1169 803 1224 crucis
815 1171 937 1224 mortem
993 1170 1152 1245 raliterper
1162 1169 1267 1227 bonam
1280 1169 1521 1227 cousuetudinem
1537 1167 1817 1244 custodire'lncepit,

115 1260 269 1316 devincens
292 1257 420 1314 caelestia
442 1258 535 1331 petiit,
566 1258 747 1332 quasimare
768 1255 937 1314 fluctuavit:
993 1260 1174 1316 dioenscom
1187 1259 1361 1316 Psalmistn:
1386 1257 1817 1334 «Declinateame,maligni,

114 1346 180 1422 quia
190 1349 302 1420 quanto
314 1345 408 1418 magis
418 1346 614 1403 Ecclesiaflde
624 1345 783 1403 electorum
796 1345 895 1412 crevit,
911 1349 940 1401 et
958 1391 965 1402 .
993 1352 1022 1406 et
1037 1350 1190 1406 scrutabor
1205 1349 1343 1404 mandata
1358 1349 1408 1404 Dei
1427 1348 1482 1404 mei
1499 1349 1583 1418 (Psal.
1600 1351 1706 1417 carru).
1724 1369 1737 1400 a
1753 1349 1817 1405 Sic·

114 1452 255 1492 numerus
267 1435 449 1492 credentium
467 1435 679 1510 multiplicatus
693 1437 747 1504 est,
763 1452 797 1492 eo
812 1431 939 1508 amplius
993 1435 1366 1512 qnetransnavigatomari,
1376 1441 1404 1493 et
1412 1437 1501 1509 hujus
1510 1435 1607 1492 seculi
1617 1436 1820 1494 fluetibuscal·

114 1527 254 1596 majorem
264 1523 496 1597 persecutionem
505 1541 672 1598 pravorum,
683 1524 865 1581 ctduriorcm
877 1539 940 1597 per·
993 1528 1077 1596 catis,
1095 1527 1130 1584 ad
1146 1529 1260 1599 portum
1289 1523 1409 1581 feliciter
1432 1524 1571 1598 pervenit.
1587 1529 1625 1582 De
1643 1523 1753 1582 talibus
1769 1543 1821 1599 per

114 1613 212 1670 fidiam
229 1612 433 1670 hereticorum
448 1611 478 1669 in
494 1613 591 1688 seipso
606 1612 823 1670 consurrexisse
838 1627 939 1670 sense·
994 1617 1165 1691 prophetam
1182 1615 1307 1672 dicitur:
1326 1637 1339 1665 «ι
1352 1613 1405 1682 Oui
1420 1613 1600 1670 descendunt
1610 1631 1690 1671 muro
1701 1615 1730 1670 in
1742 1616 1821 1672 navi·

114 1707 190 1758 runt.
213 1705 280 1774 ipse
301 1717 380 1774 vero,
396 1701 466 1775 quia
479 1703 539 1758 tam
554 1701 681 1758 validam
706 1703 939 1777 persecutionem
994 1707 1049 1763 bns
1065 1705 1205 1763 facientes
1221 1703 1418 1778 operationem
1435 1703 1465 1758 in
1481 1702 1566 1774 aquis
1582 1701 1694 1770 multis,
1710 1705 1765 1777 ipsi
1783 1705 1821 1761 vi-

114 1795 214 1848 eontra
228 1789 337 1847 electos
352 1791 451 1848 sevire
472 1791 668 1865 permittebat,
688 1796 845 1865 postquam
870 1808 938 1847 san·
995 1797 1101 1852 derunt
1114 1811 1201 1868 opera
1216 1790 1332 1850 Domini
1347 1796 1375 1850 et
1391 1791 1536 1848 mirabilia
1552 1791 1617 1863 ejus
1631 1791 1660 1848 in
1676 1794 1820 1866 profundo

114 1886 228 1936 storum
252 1879 390 1953 precibus
405 1885 450 1937 est
472 1881 626 1951 excitatus,
648 1897 773 1954 surgens
787 1880 942 1954 imperavit
996 1885 1081 1959 (Part.
1098 1888 1164 1950 cm).
1182 1904 1195 1935 a
1217 1882 1260 1940 Ad
1275 1899 1354 1939 mare
1378 1881 1569 1946 descendunt,
1584 1878 1613 1936 id
1641 1884 1695 1949 est,
1721 1881 1752 1938 in
1767 1881 1822 1938 hoc

113 1969 207 2025 rectis
222 1973 250 2025 et
265 1967 360 2024 marl:
382 1969 521 2043 quoniam
544 1971 640 2044 ipsam
656 1971 886 2044 persecutionem
913 1973 943 2026 et
995 1974 1153 2032 seculum:
1170 1972 1200 2029 in
1217 1971 1351 2043 navibus,
1363 1969 1514 2028 scilicetin
1526 1967 1700 2025 animabus:
1719 1970 1823 2027 facien·

116 2056 267 2134 perfrdiam
280 2057 431 2129 quiescere
447 2057 524 2126 fecit,
541 2063 569 2115 et
583 2075 684 2132 pacem
701 2076 733 2116 ac
745 2059 872 2133 quietem
884 2059 939 2116 sibi
995 2067 1039 2121 tes
1055 2062 1264 2135 operationem,
1275 2060 1386 2117 scilicet
1395 2061 1512 2126 bonam,
1525 2075 1643 2114 curnem
1659 2075 1743 2116 suam
1755 2076 1822 2116 cum

116 2143 213 2202 electis
230 2147 384 2202 concessit.
401 2147 487 2204 Facta
502 2153 546 2205 est
561 2153 658 2205 autem
669 2147 867 2224 tranquillitas
882 2165 942 2205 ma·
994 2151 1073 2209 vitiis
1084 2156 1112 2208 et
1122 2149 1367 2224 concupiscentiis
1378 2146 1683 2221 confringentes,eted
1694 2147 1824 2205 caelestia

117 2235 940 2314 gua,quiapostquamprinaipesetpotentespereorum
996 2242 1197 2314 suspirantes:
1215 2237 1244 2294 in
1272 2237 1356 2312 aquis
1386 2234 1497 2306 multis,
1519 2233 1631 2292 scilicet
1656 2236 1685 2291 in
1716 2235 1823 2310 papule

118 2322 349 2396 predicationem
366 2325 401 2380 ud
418 2325 506 2381 iidem
521 2325 629 2382 Christi
639 2331 791 2394 venerunt,
804 2331 885 2383 tanta
900 2346 941 2384 re·
996 2330 1100 2400 multo,
1119 2329 1194 2385 inter
1207 2343 1281 2401 quos
1297 2329 1459 2392 manentes,
1476 2324 1505 2380 in
1523 2322 1661 2380 omnibus
1676 2340 1708 2380 se
1729 2324 1823 2398 provi·
1850 2391 1856 2400 ι

119 2411 198 2484 quies
217 2410 351 2467 Ecclesia
362 2413 496 2480 dntaest,
513 2419 545 2470 ut
560 2415 648 2471 etium
664 2415 731 2489 ipsi,
749 2416 799 2489 qui
814 2433 878 2472 eam
892 2417 942 2472 de·
997 2421 1075 2486 dent,
1091 2435 1127 2475 ne
1141 2417 1170 2474 in
1187 2416 1285 2489 aliquo
1301 2413 1497 2471 maculentur.
1515 2413 1571 2470 Sed
1587 2413 1664 2469 sicut
1678 2412 1767 2470 bomo
1788 2414 1823 2470 in

119 2503 289 2566 struxerant,
329 2501 455 2576 propriis
490 2503 627 2560 manibus
664 2505 879 2564 reaedificarent.
908 2507 943 2563 Et
997 2509 1062 2565 navi
1080 2505 1373 2582 permarenavigans
1390 2501 1823 2576 contangiturmari,sicjusti

120 2589 247 2662 quamvis
262 2607 344 2646 mare
373 2591 536 2660 fluctuaret,
553 2597 583 2649 et
606 2593 733 2668 procella
754 2599 941 2662 excresceret,
997 2599 1026 2654 in
1037 2598 1093 2654 hoc
1102 2595 1309 2663 saeculo,inter
1317 2591 1458 2668 populum
1468 2591 1755 2662 habitantes,eorum
1765 2608 1825 2648 rna·

123 2691 174 2734 non
188 2683 233 2734 cst
252 2695 352 2735 morsa
367 2680 459 2748 naris,
477 2680 506 2736 in
522 2698 580 2754 qua
603 2683 747 2740 Dominus
759 2683 941 2754 dormiebat;
998 2686 1181 2762 lignitatibus
1197 2701 1255 2741 non
1271 2682 1430 2740 adherent.

124 2767 187 2839 quia
209 2767 263 2824 etsi
280 2767 410 2824 Ecclesia
425 2769 521 2842 potuit
536 2772 666 2828 adversis
692 2771 943 2846 persecutionibus

125 2855 297 2922 conturbari,
315 2873 374 2912 non
393 2862 492 2914 tamen
509 2861 596 2916 afide
612 2861 805 2932 rectitudinis,
824 2863 944 2920 Domino
1289 2833 1443 2892 ΗΟΜῙῙᾸᾹ
1462 2833 1532 2888 xlx·

126 2945 310 3018 gubernante,
341 2947 483 3005 recedere.
514 2949 646 3006 Eundma
668 2950 748 3007 enim
775 2955 836 3008 crat
856 2969 945 3026 supra
1194 2941 1334 2983 ⁰⁰l¹¹¹⁴¹ffl
1352 2941 1382 2980 ¹⁸
1402 2936 1626 2978 Sfflfflfflllll·

126 3033 234 3089 firmana
250 3037 376 3107 petram,
396 3035 431 3091 de
445 3052 504 3108 qua
517 3037 673 3111 Apostolus
687 3040 748 3096 ait:
765 3063 779 3090 a
797 3039 878 3098 Petra
892 3061 945 3100 nn·
1035 3045 1156 3118 (Mareu.
1172 3046 1231 3110 xx.)
1247 3067 1261 3092 «ι
1275 3046 1307 3096 in
1325 3039 1374 3097 illo
1389 3044 1531 3112 tempore
1548 3037 1621 3094 dixll
1635 3037 1722 3094 Jews
1738 3035 1825 3094 dlssssl·

125 3126 179 3178 mm
193 3126 255 3178 erat
269 3121 405 3179 eaustus
421 3125 445 3198 (l
458 3125 518 3182 Cor.
534 3127 573 3200 x).
591 3147 605 3177 u
622 3129 702 3195 Quod
720 3133 817 3187 autern
833 3131 863 3187 in
875 3148 944 3205 apo·
1001 3159 1014 3186 a
1032 3134 1110 3208 pulis
1122 3129 1460 3206 snisparabolamhanc:
1473 3127 1574 3184 Simile
1582 3131 1626 3182 est
1634 3143 1756 3199 regnum
1766 3143 1825 3183 οω-

125 3211 202 3268 stolis
226 3213 255 3268 et
276 3211 308 3267 in
330 3212 467 3269 universa
481 3215 610 3273 Ecclesia
631 3218 786 3291 impletum
802 3223 855 3288 est,
873 3220 946 3278 solet
961 3197 983 3263 C
1000 3249 1014 3277 a
1032 3224 1127 3280 lorum
1138 3220 1250 3280 homini
1267 3216 1484 3294 patrifamilias,
1495 3215 1544 3290 qni
1555 3213 1729 3288 exiitprimo
1740 3232 1827 3271 mane

125 3299 339 3356 moraliterfieri
352 3299 381 3357 in
392 3301 591 3374 quolibetviro
602 3310 713 3363 sancto.
726 3307 780 3375 Qui
793 3308 871 3364 enim
884 3327 946 3366 eru·
1000 3339 1015 3365 α
1031 3301 1192 3370 conducere
1203 3307 1350 3382 operarios
1361 3305 1515 3386 invincem
1529 3321 1627 3372 mam,
1640 3327 1654 3354 u
1665 3302 1825 3376 etreliqua.

124 3388 209 3462 attigit
223 3388 357 3444 membra
372 3400 427 3446 sris
442 3407 509 3448 cum
521 3391 599 3450 vitiis
614 3398 642 3450 et
652 3396 906 3470 concupiscentiis,
918 3402 946 3456 et
1036 3403 1169 3474 Regnum
1185 3397 1324 3455 celorum
1347 3393 1392 3450 iel
1417 3409 1537 3468 regnum
1554 3391 1606 3448 Dei
1626 3392 1655 3448 ln
1672 3391 1828 3466 Evangelio

124 3475 168 3531 cui
182 3476 341 3534 crucifixus
352 3481 396 3534 est
406 3480 536 3537 mundus
546 3487 574 3537 et
588 3483 650 3554 ipse
661 3485 781 3553 mundo,
795 3485 945 3543 Christum
999 3508 1067 3548 cum
1083 3489 1199 3564 legitur,
1216 3503 1274 3543 non
1299 3499 1415 3558 semper
1429 3499 1519 3539 uuam
1534 3481 1727 3554 eamdemque
1742 3481 1829 3538 habet

124 3565 944 3644 inssbabitatorembabet.Jesuseutemnareascendit,
1000 3577 1256 3653 significationem,
1280 3572 1331 3630 sed
1361 3571 1518 3646 aliquando
1541 3569 1699 3626 Dominum
1726 3569 1829 3654 lesum

126 3669 188 3710 eum
202 3660 329 3714 mentem
345 3655 398 3711 viri
424 3657 516 3713 sancti
532 3659 686 3730 inhabitat,
703 3662 783 3734 quia,
808 3663 884 3720 sicut
899 3681 946 3721 sa·
1000 3668 1160 3732 Christum,
1174 3663 1331 3736 aliquando
1341 3661 1522 3734 Scripturam
1534 3675 1659 3724 sacram,
1671 3657 1829 3731 aliquando

125 3742 323 3814 pientissimus
348 3741 485 3802 Salomon
507 3747 557 3815 ait,
581 3749 687 3805 Anima
705 3750 780 3824 justi
802 3753 886 3808 sedes
902 3757 947 3810 est
986 3757 1147 3821 ¹coelestem
1161 3753 1299 3827 patrium,
1320 3749 1478 3823 aliquando
1494 3753 1666 3821 presentem
1683 3745 1830 3822 significat

127 3830 279 3902 sapientie.
300 3831 374 3889 Cum
389 3834 467 3890 enirn
484 3835 508 3892 is
524 3835 631 3894 avitiis
646 3842 674 3894 et
689 3839 815 3912 peccatis
830 3857 861 3897 se
876 3843 946 3897 sub·
1000 3845 1170 3904 Ecclesiam.
1182 3836 1600 3897 DominumJesumChristum
1610 3835 1765 3910 siguificat,
1775 3836 1830 3891 sic-

128 3919 234 3976 trubere
255 3919 391 3990 voluerit,
408 3923 507 3981 utsoli
533 3927 714 3998 Deovnoars,
739 3929 834 3998 idest,
849 3929 945 3988 inten-
1000 3940 1034 3993 ut
1048 3937 1111 4008 ipse
1134 3931 1223 3987 dicit:
1252 3951 1265 3980 a
1283 3929 1417 4002 Regnum
1441 3926 1492 3983 Dei
1514 3926 1592 3982 intra
1615 3942 1667 3982 t1⁰⁸
1683 3929 1727 3982 &Sl
1751 3925 1826 3996 (Μ

129 4007 190 4064 dere
203 4009 307 4082 possit,
319 4005 495 4070 tentationes
510 4013 616 4072 diaboli
633 4021 734 4074 contra
749 4035 780 4074 se
795 4017 947 4093 insurgere
1000 4024 1079 4096 nvn).
1099 4044 1113 4072 »
1129 4019 1309 4092 Scriptorum
1326 4033 1453 4084 ssorum.
1467 4015 1556 4072 veluti
1568 4015 1678 4072 Judaels
1693 4030 1750 4071 ¹¹⁰ss
1767 4029 1828 4071 m·

131 4096 219 4168 s'entit,
230 4099 543 4172 etejuspersuasiones
553 4109 681 4162 mentem
691 4123 774 4163 suam
786 4109 944 4166 contraire:
1001 4112 1140 4172 dentibus
1155 4107 1280 4166 dicitur:
1298 4130 1313 4158 a
1329 4105 1484 4163 Auferetur
1497 4123 1514 4162 a
1528 4104 1611 4161 vobis
1626 4119 1751 4178 regnum
1767 4103 1828 4172 Dei,

131 4189 222 4258 etque
246 4187 343 4261 magis
357 4187 415 4246 Deo
431 4191 666 4266 appropinquare
687 4195 822 4264 voluerit,
837 4213 871 4254 eo
884 4215 945 4254 am·
1001 4207 1029 4261 et
1043 4201 1162 4259 dabitur
1171 4197 1250 4273 genti
1265 4195 1383 4252 facienti
1401 4195 1513 4250 fructus
1524 4193 1588 4264 ejus
1608 4191 1710 4266 (ldatth.
1726 4191 1795 4262 xxi).
1813 4213 1827 4240 n

131 4271 319 4344 plinsinvenit
333 4278 410 4350 quod
428 4279 532 4337 durius
556 4286 660 4354 portet.
687 4284 740 4352 Qui
760 4285 838 4342 enim
855 4288 900 4360 pic
914 4287 945 4342 in
1000 4291 1152 4348 Caelestem
1169 4285 1305 4361 patriam,
1321 4287 1354 4339 ul
1374 4287 1418 4340 est
1432 4282 1524 4339 illud':
1544 4303 1554 4331 a
1572 4279 1648 4337 Beati
1664 4280 1713 4352 qui
1730 4295 1829 4351 perse·

131 4361 469 4436 christocoluntvivere,
495 4371 713 4442 persecutiones
736 4374 889 4446 patiuntur
912 4379 948 4448 (fl
1001 4380 1147 4440 ontionem
1176 4375 1329 4450 patiuntur
1357 4375 1477 4445 propter
1501 4369 1660 4442 justifiam,
1688 4367 1827 4440 quoniam

134 4451 193 4506 lim.
209 4459 259 4522 ru),
271 4455 301 4512 in
311 4455 442 4529 exemplo
452 4457 802 4527 videlicetlsraelitnrnm‚
813 4465 863 4536 qui
876 4467 946 4522 tunc
1001 4473 1131 4544 ipsorum
1146 4469 1190 4523 cst
1205 4479 1329 4538 regnum
1345 4459 1484 4517 ceelorum
1500 4457 1603 4528 (liutein
1619 4457 1658 4530 v).
1671 4479 1685 4508 o
1702 4455 1828 4512 Prosen-

133 4537 416 4600 duriussuntafilicti
426 4563 447 4601 a
462 4547 621 4614 Pharaone,
633 4549 750 4622 quando
762 4567 812 4624 per
827 4551 946 4626 Moysen
961 4569 985 4634 Ι)
1002 4565 1059 4616 tem
1076 4553 1246 4620 Ecclesiam,
1259 4549 1334 4607 sicut
1345 4547 1415 4606 alibi
1431 4549 1486 4604 nit:
1505 4571 1518 4599 a
1533 4545 1586 4615 Oui
1602 4545 1720 4604 solverit
1733 4561 1827 4602 unum

132 4629 256 4688 etheron
285 4633 321 4688 ad
343 4637 451 4690 terram
480 4637 716 4709 repromissionis
745 4645 814 4696 sunt
842 4641 944 4700 vocati.
1001 4635 1826 4706 demandatisistisminimis,etdocuerit-sichomines,

133 4713 944 4799 llodenosqnidamsapiens,Salomon-scillcetadmonet,
1000 4735 1142 4794 minimus
1157 4725 1347 4788 vocabiturin
1363 4741 1452 4800 regno
1463 4724 1603 4782 coelorum
1620 4723 1723 4797 (balth.
1733 4723 1800 4796 xix).
1813 4745 1827 4773 a

132 4803 947 4892 dieeust«Eili,accedcnsadservitutsmDci,stainjusti-
999 4825 1074 4899 Ergo
1090 4837 1211 4896 regnum
1228 4813 1472 4874 coeloruminboc
1483 4813 1546 4870 loco
1557 4811 1828 4888 presentem'signi·

133 4891 169 4948 tia
181 4895 328 4964 ettimore,
342 4902 371 4955 et
388 4915 518 4973 prepara
532 4903 661 4960 animam
672 4909 754 4961 tuam
767 4907 802 4962 ad
813 4907 947 4964 tentatio·
1000 4915 1069 4971 fleat
1078 4909 1249 4977 Ecclesiam,
1259 4905 1335 4979 quod
1347 4902 1443 4961 simile
1452 4899 1782 4976 diciturpatrifamilias,
1796 4903 1829 4957 ut

134 4985 458 5058 sacramentaneus
466 4997 564 5048 nutem
572 4993 945 5068 dormit,quandodelecta·
1000 5020 1050 5078 per
1065 5017 1126 5058 rem
1143 4995 1300 5070 cognitam,
1318 4993 1496 5064 incognitam
1515 4992 1632 5048 credere
1656 4989 1825 5046 discamus:

134 5068 329 5144 honmcarnis,
341 5077 580 5150 etpersuasiones
590 5081 808 5140 diaboliccntra
818 5089 944 5142 mentem
1000 5097 1030 5149 et
1041 5107 1093 5165 per
1106 5083 1234 5144 visibilia
1249 5084 1284 5138 nd
1300 5071 1557 5137 invisibilia'mens
1567 5084 1669 5137 nostra
1684 5079 1826 5152 rapiatur.

134 5157 180 5212 n'ri
188 5164 274 5219 sancti
284 5164 438 5240 insurgere
447 5169 598 5241 permittit.
615 5171 670 5227 Sed
686 5187 754 5227 cum
770 5172 833 5246 ipsc
842 5175 887 5229 vir
899 5173 946 5230 in·
1000 5182 1074 5238 Nam
1090 5170 1308 5252 qniaparabcla
1324 5175 1378 5242 cst,
1396 5171 1466 5244 quid
1482 5168 1704 5244 paterfamilias,
1721 5170 1827 5242 atejus

136 5245 226 5322 telligit
245 5267 276 5310 se
289 5253 393 5310 eadem
417 5257 593 5314 testamenta
612 5276 666 5316 sua
688 5259 794 5318 vincte
809 5277 946 5334 superare
1000 5271 1094 5336 vinea,
1111 5258 1140 5324 et
1162 5259 1297 5336 operarii,
1323 5259 1578 5334 remuneratioque
1593 5275 1694 5317 aarum
1719 5257 1826 5330 allego-

137 5347 185 5390 noo
197 5353 288 5409 posse,
305 5341 343 5398 ad
355 5344 597 5416 omnipotentiam
611 5348 661 5404 liei
677 5349 809 5405 recurrit.
827 5351 908 5406 Unde
919 5357 947 5408 et
1001 5359 1059 5415 rire
1074 5353 1249 5430 significent,
1268 5349 1464 5405 attendamus.
1490 5347 1704 5406 Paterfamilias
1728 5350 1826 5404 entem

138 5421 275 5518 tumbae:
292 5451 307 5480 «
324 5431 359 5486 Et
373 5441 570 5505 accesserunt,
585 5442 615 5493 et
636 5439 851 5496 suscitaverunt
866 5459 946 5510 eum,
1000 5447 1054 5506 isle
1065 5425 1189 5517 liguram
1206 5437 1256 5496 Dei
1265 5441 1344 5494 tenet
1359 5438 1576 5512 omnipotentis,
1589 5437 1639 5510 qui
1655 5433 1760 5494 similis
1776 5451 1826 5507 pa·

138 5507 269 5606 dieentes:
288 5519 418 5590 Domine,
431 5522 509 5580 salva
521 5541 584 5594 nos,
600 5527 742 5600 perimus.
761 5549 774 5578 a
790 5527 863 5592 Ouia
877 5531 946 5588 totis
1000 5531 1166 5591 trifamilias
1181 5529 1305 5585 dicitur:
1321 5527 1401 5599 quiin,
1418 5526 1493 5584 sicut
1506 5525 1715 5600 paterfamilias
1730 5523 1826 5592 subja·

137 5599 233 5658 nribus
256 5609 362 5664 mentis
378 5611 609 5680 misericordiam
633 5615 682 5672 Dei
709 5615 864 5690 implorare
887 5636 945 5677 non
1001 5629 1063 5680 ctos
1079 5611 1823 5694 indornc,siclleuscmnipotenshominesordinat¹
