3988 6180
112 355 170 420 ιιι
691 308 695 316 ’
741 361 920 428 aoniam
940 358 992 425 on
1013 359 1187 429 sanans.
1304 341 1307 344 ’
1760 363 1841 454 rae,

109 491 226 568 angelo,
238 491 295 552 ista
305 489 587 571 didicerataspirilu
596 499 709 556 sancto.
725 497 851 556 Decebat
860 493 938 555 enim
951 495 981 568 A
995 497 1235 568 nedicebant,sed
1248 498 1336 556 etiam
1345 497 1627 561 ereaturamadeum
1639 500 1819 562 laudandum

111 589 144 642 ut
170 600 251 640 noves
266 583 366 658 gratie
386 601 489 658 praeco,
506 603 581 644 novo
608 592 763 644 vocaretur
790 585 942 656 vocabulo,
998 588 1203 662 provocabant.

110 671 189 746 quod
205 672 232 730 ei
247 671 419 746 imponebat
433 674 531 732 divina
556 674 668 744 electio,
685 693 743 735 non
768 680 866 734 autem
880 692 943 732 car·
1033 701 1047 728 ιι
1064 678 1099 733 Et
1112 678 1205 736 lactus
1218 683 1262 735 est
1272 679 1360 734 timor
1371 696 1460 754 super
1473 696 1576 738 omnes
1586 679 1698 738 vicinos
1711 695 1824 752 eorum,

112 761 189 818 natis
204 761 349 836 cognatio.
997 789 1011 818 ιι
1027 771 1056 823 ει
1070 768 1270 840 superomnia
1294 771 1434 824 montana
1462 768 1570 826 Judss
1596 766 1827 843 divulgabantur

147 873 161 902 ιι
178 851 213 906 Et
228 849 364 906 dixerant
391 851 428 908 ad
457 852 557 910 illam:
574 853 748 921 Ouianemo
765 858 809 912 est
835 854 865 911 in
890 870 943 910 co·
998 857 1125 914 «omnia
1144 856 1316 913 verbahaec.
1333 879 1347 906 ιι
1370 857 1443 922 Ouia
1472 874 1565 931 preco
1590 857 1701 930 judicis
1726 873 1827 916 nasce-

110 962 124 990 ιι
139 939 280 1013 gnatione
294 943 356 1009 tua,
373 941 423 1016 qui
438 943 621 1000 voceturhoc
633 944 760 1001 nornine.
774 943 942 1000 innuebant
995 943 1094 1012 batur,
1110 961 1168 1000 non
1184 943 1281 1002 solum
1295 944 1409 1013 vicinis,
1426 945 1476 1000 sed
1493 945 1582 1002 etiam
1598 945 1726 1003 aliorum
1739 946 1828 1003 corda

109 1051 123 1080 ιι
140 1031 240 1086 autem
249 1029 397 1102 patriejus
408 1045 496 1102 quem
506 1030 592 1089 vellet
602 1031 699 1088 vocari
709 1049 787 1088 eum.
800 1032 834 1089 Et
841 1037 943 1106 postu·
996 1033 1101 1090 timore
1124 1034 1404 1090 commovebantur:
1421 1034 1536 1106 etquis
1561 1034 1715 1090 audierant
1740 1033 1827 1093 illurn

109 1141 123 1168 ιι
139 1116 207 1174 lans
222 1115 409 1190 pugillarem,
421 1119 540 1193 scripsit
549 1120 666 1178 dicens:
688 1121 817 1177 loannes
827 1125 872 1178 est
887 1137 937 1178 no
997 1137 1046 1193 per
1060 1121 1319 1194 repromissionem
1329 1121 1490 1195 angelicam
1502 1122 1538 1178 de
1554 1137 1623 1179 sene
1632 1126 1714 1196 patre
1724 1127 1754 1179 et
1768 1127 1825 1180 ste-

108 1229 122 1258 «
140 1222 209 1263 men
220 1207 295 1278 ejus.
308 1228 323 1257 ιι
339 1205 373 1264 lli
389 1207 439 1281 qui
456 1215 650 1267 convenerant
664 1209 752 1266 vicini
766 1214 795 1266 et
809 1210 938 1284 cognati,
996 1208 1041 1265 rili
1051 1215 1143 1267 matre
1157 1215 1270 1277 natum,
1283 1214 1310 1266 ει
1321 1211 1390 1283 quia
1402 1209 1541 1266 videbant
1550 1211 1580 1268 in
1592 1211 1656 1283 ejus
1670 1211 1824 1268 nativitate

109 1296 180 1368 quia
190 1311 298 1352 nomen
310 1295 774 1371 patristllioimponerevolebant,
782 1315 834 1356 nee
846 1303 940 1355 mater
995 1298 1126 1372 linguam
1136 1299 1508 1378 patrispssesolutam,non
1516 1298 1823 1371 solumsomiratione,

109 1384 937 1461 adhocassansumprabebatquibusnutibusvalebant,
994 1404 1096 1444 varum
1123 1389 1211 1444 etiam
1225 1389 1331 1444 timore
1346 1389 1435 1445 corda
1454 1403 1555 1445 eorum
1571 1390 1717 1446 commota
1741 1393 1822 1447 sunt.

109 1477 223 1547 patrem
240 1476 357 1529 mutum
373 1473 551 1548 interrogare
575 1476 754 1549 satagebant.
771 1479 806 1532 At
825 1475 874 1533 ille
889 1493 940 1550 po·
995 1475 1077 1533 Unde
1091 1481 1119 1533 ει
1135 1477 1254 1534 dicunt:

108 1559 226 1618 stulans
240 1559 426 1635 pugillarem,
443 1563 471 1618 id
482 1567 526 1619 εει
536 1563 644 1637 stylum
660 1565 937 1639 scriptoriumquod
1031 1586 1046 1617 ιι
1062 1566 1132 1631 Quis
1149 1570 1234 1638 putas
1249 1583 1322 1640 puer
1336 1566 1391 1622 iste
1406 1565 1485 1622 erit?
1511 1589 1525 1616 ιι
1537 1566 1619 1631 Quod
1634 1569 1678 1624 est
1703 1565 1818 1624 dicere:

107 1649 208 1708 verbis
222 1667 281 1722 non
296 1653 419 1724 poterat,
431 1649 535 1708 litteris
545 1653 811 1726 expressitdicens:
825 1675 839 1704 ιι
854 1653 940 1710 ,loan-
996 1654 1092 1729 qualis
1109 1656 1174 1711 est?
1189 1655 1244 1710 Sed
1260 1671 1297 1710 ne
1313 1659 1432 1729 putares
1446 1654 1590 1712 loannem
1606 1655 1681 1712 hauc
1696 1656 1821 1730 gratiam

108 1755 160 1796 ιιεε
171 1741 218 1796 εει
228 1755 334 1796 ιιοιιιειι
346 1739 419 1812 ejus.
431 1762 445 1790 ιι
461 1739 514 1797 Ubi
527 1741 688 1798 notandum
700 1743 770 1815 quia
782 1759 840 1798 non
852 1741 938 1799 dixit:
995 1760 1051 1800 sua
1064 1743 1171 1800 virtute
1186 1745 1324 1818 adeptum
1336 1761 1413 1811 esse,
1427 1747 1456 1799 et
1468 1762 1525 1801 non
1537 1761 1589 1818 per
1599 1743 1731 1800 divinum
1744 1745 1824 1800 auxi·

106 1827 238 1892 loannes
248 1827 303 1884 erit
313 1844 419 1884 nomen
430 1828 505 1900 ejus,
519 1844 586 1884 cum
600 1829 732 1886 futurum
743 1831 863 1901 videret,
874 1829 936 1896 sed,
996 1829 1080 1901 lium,
1097 1836 1175 1888 recte
1190 1833 1381 1905 subjungitur
1395 1851 1401 1888 :

107 1917 240 1973 loannes
253 1919 298 1972 est
311 1933 417 1974 noman
433 1917 507 1989 ejus.
519 1920 559 1974 Ac
574 1919 599 1975 si
616 1919 740 1976 diceret:
762 1917 825 1975 Non
842 1937 896 1976 nos
911 1919 937 1976 ei
1031 1943 1045 1970 ιι
1062 1920 1177 1975 Etenim
1193 1935 1299 1976 manus
1315 1919 1431 1977 Domini
1447 1923 1510 1977 erat
1524 1936 1591 1977 eum
1607 1919 1667 1976 illo.
1685 1942 1699 1971 ιι
1718 1921 1822 1978 Μειιιιε

105 2005 651 2079 imponimus,quiababetvocabulum
663 2007 740 2080 quod
750 2007 936 2081 agnovimus,
992 2005 1109 2064 Domini
1135 2009 1165 2064 in
1181 2008 1341 2083 scripturis
1358 2009 1477 2083 aliquod
1503 2007 1608 2066 divina
1633 2007 1822 2083 protectionis

107 2110 166 2151 non
183 2095 262 2168 quod
278 2093 424 2168 eligimus.
442 2094 502 2152 Hoc
517 2112 586 2169 ergo
602 2112 707 2152 nornen
724 2112 781 2152 non
798 2101 867 2152 tunc
878 2096 938 2170 pri·
993 2094 1137 2152 auxilium
1159 2095 1317 2170 significat,
1339 2097 1416 2152 sieut
1430 2097 1459 2152 in
1475 2094 1600 2152 Psalmis
1615 2094 1741 2168 legitur:
1758 2118 1772 2146 ιι
1789 2099 1821 2152 ln

107 2200 193 2240 mum
218 2183 389 2256 impositum
416 2187 470 2252 εει,
501 2185 552 2242 scd
576 2187 734 2258 antequam
757 2190 937 2256 nasceretur,
993 2201 1100 2242 manus
1123 2189 1199 2254 tuas,
1224 2185 1357 2253 Domine,
1374 2184 1547 2242 commendo
1567 2183 1705 2258 spiritum
1721 2199 1821 2242 meum

107 2271 399 2346 quandoaGabriele
410 2272 514 2347 angelo
534 2274 678 2334 Zacharia
691 2275 803 2332 dietum
821 2278 880 2331 eet:
897 2274 938 2332 Ne
993 2275 1080 2346 (Psoi.
1096 2273 1175 2347 xxx).
1194 2297 1209 2324 ιι

107 2361 377 2429 timeas,Zacharia,
389 2361 525 2418 exaudita
537 2363 778 2432 estoratiotua,et
789 2362 938 2421 Elisabeth
1030 2385 1043 2414 ιι
1060 2363 1095 2418 Et
1119 2361 1274 2419 Zacharias
1298 2366 1381 2436 pater
1395 2362 1459 2435 ejus
1483 2360 1624 2435 impletus
1639 2365 1684 2419 est
1709 2362 1819 2436 Spiritu

106 2449 940 2525 uxortuapariettibifilium,etvocabisnomenejus-loen·
996 2471 1007 2500 ι
1024 2454 1136 2520 sancto,
1153 2454 1181 2508 et
1194 2451 1411 2526 prophetavit.»
1425 2451 1515 2525 Igitur
1528 2451 1597 2525 quia
1607 2450 1657 2508 ille
1669 2453 1819 2523 natusest,

107 2537 313 2612 nem(tac.1).
330 2538 384 2596 Ubi
398 2556 524 2613 magnus
545 2557 708 2613 precursor
724 2540 841 2598 Domini
858 2541 938 2598 lutu-
994 2540 1043 2614 qui
1059 2557 1117 2596 non
1135 2540 1231 2595 solum
1243 2539 1394 2612 propheta,
1409 2540 1459 2595 sed
1474 2540 1563 2595 etiam
1579 2538 1646 2613 plus
1657 2556 1746 2612 quam
1758 2549 1822 2614 pros

107 2645 159 2684 rus
175 2630 419 2701 praemonstratus
435 2632 488 2696 est,
505 2630 621 2702 quando
643 2630 707 2701 ejus
731 2646 838 2685 nomen
855 2633 937 2686 ante-
994 2629 1081 2703 pheta
1093 2628 1210 2686 iuturus
1230 2630 1301 2696 crat,
1319 2629 1355 2684 de
1366 2645 1423 2701 quo
1439 2631 1469 2684 ct
1483 2627 1616 2685 Salvator
1630 2628 1670 2682 nit
1682 2629 1713 2684 iu
1727 2630 1821 2686 Evan-

107 2734 199 2791 quam
213 2719 392 2784 nasceretur,
409 2717 579 2790 preadictum
593 2721 647 2774 cst.
662 2718 775 2775 Novum
792 2719 871 2776 enim
885 2718 938 2776 ali·
993 2713 1088 2790 gelio:
1106 2739 1120 2768 ιι
1138 2717 1217 2773 Inter
1231 2721 1315 2772 natos
1338 2715 1496 2772 mulierum
1512 2732 1570 2772 non
1586 2714 1712 2771 surrexit
1726 2718 1822 2790 major

108 2806 181 2879 quid
195 2805 225 2862 in
236 2806 461 2862 eorumactibus
472 2807 603 2863 futurum
609 2810 862 2879 praemonstratur,
876 2807 940 2881 qui·
992 2805 1104 2862 Joanne
1116 2805 1220 2878 (narra.
1229 2805 1280 2877 m),
1293 2827 1306 2855 o
1318 2821 1376 2861 non
1386 2804 1481 2861 solum
1493 2804 1623 2862 ollicium
1638 2802 1778 2877 loquendi
1790 2805 1821 2862 in

108 2895 165 2952 bus
176 2893 299 2950 nomina
311 2897 398 2950 antea
407 2894 489 2951 aDeo
498 2895 793 2968 imponuntur,quam
807 2912 939 2969 corpora·
993 2894 1057 2966 ejus
1070 2894 1222 2950 nativitato
1237 2897 1321 2968 pater
1336 2894 1454 2968 recepit,
1472 2893 1523 2950 sed
1536 2894 1625 2951 etiam
1638 2893 1744 2967 spiritu
1757 2911 1822 2968 pro-

108 2983 176 3040 liter
191 2986 369 3040 nascantur:
395 2984 472 3056 quod
489 2983 524 3041 de
540 2985 621 3041 lsaae
636 2989 665 3041 ει
679 2983 785 3040 ismael
800 2983 937 3058 legimus,
993 2983 1098 3058 phetia
1114 2982 1255 3056 repletus,
1272 2981 1598 3040 adventumSalvatoris
1609 2983 1819 3062 pronuntiavit.

109 3074 145 3130 de
160 3071 316 3130 Salomone
331 3077 360 3130 ει
373 3072 501 3140 Josia,de
513 3072 625 3130 loanne
638 3074 778 3146 Daptista,
790 3077 820 3130 et
834 3075 869 3130 de
884 3071 938 3130 Do·
993 3073 1074 3139 Quod
1090 3071 1160 3146 quia
1174 3072 1305 3128 vicinum
1322 3071 1453 3128 futurum
1468 3073 1635 3145 prospexit:
1653 3071 1822 3146 prophetico

108 3163 192 3219 mino
206 3160 360 3219 salvatore.
377 3162 500 3235 Magnus
525 3178 592 3236 ergo
608 3163 662 3218 iste
677 3161 805 3218 loannes
821 3161 938 3217 iuturus
995 3177 1074 3216 more
1090 3159 1174 3233 quasi
1185 3160 1249 3231 jam
1265 3160 1374 3216 lactum
1388 3161 1527 3229 narravit,
1542 3159 1665 3218 dicens:

109 3251 288 3316 ostenditur,
305 3251 375 3323 quia
389 3255 474 3307 antea
489 3251 658 3307 nominatus
670 3255 716 3308 εει
728 3267 817 3323 quam
839 3256 937 3306 natus.
952 3236 974 3304 C
1029 3272 1043 3299 ιι
1058 3248 1232 3304 benedictus
1247 3247 1390 3305 Dominus
1402 3249 1480 3306 Deus
1496 3248 1594 3316 lsrael,
1609 3249 1679 3324 quia
1691 3249 1821 3306 visitavit

109 3339 162 3397 Cui
177 3338 250 3396 illud
277 3339 431 3397 convenire
446 3341 550 3413 potest,
568 3338 644 3413 quod
661 3339 760 3395 divina
775 3355 844 3395 voce
858 3339 938 3396 lere-
994 3359 1008 3387 ιι
1024 3341 1052 3394 ει
1069 3337 1136 3392 lecit
1151 3336 1382 3411 redemptionem
1396 3335 1490 3411 plebis
1505 3355 1576 3395 sue.
1594 3337 1674 3395 »Ubi
1689 3338 1820 3396 conside·

109 3431 175 3485 misc
199 3429 328 3486 dicitur:
357 3451 371 3480 «
383 3429 558 3502 Priusquam
575 3433 602 3485 te
626 3428 782 3485 formarem
797 3428 827 3484 in
845 3433 939 3500 utero,
993 3426 1118 3483 randum
1134 3428 1212 3499 quod
1230 3427 1288 3483 duo
1303 3431 1373 3483 ειιιιι
1390 3443 1453 3501 qua
1470 3427 1589 3500 posuit:
1606 3449 1620 3479 ιι
1636 3425 1820 3498 visitavit,et

109 3519 176 3575 novi
204 3521 252 3574 te:
269 3521 298 3574 ει
313 3517 471 3590 antequam
486 3519 579 3575 exires
594 3518 629 3574 de
644 3516 739 3588 vulva,
757 3517 938 3574 sanctificavi
993 3515 1061 3572 iecit
1086 3515 1316 3589 redemptionem
1333 3514 1427 3589 plebis
1442 3532 1512 3571 sua.
1531 3537 1545 3566 »
1560 3514 1695 3572 visitatio
1710 3515 1819 3590 quippe

107 3606 382 3680 te,etprophetam
406 3607 588 3681 ingentibus
607 3607 672 3663 dcdi
688 3611 716 3662 te
738 3609 807 3680 (ιιι.
825 3607 857 3678 r).
875 3629 889 3658 ιι
905 3607 940 3663 Et
993 3605 1029 3661 ad
1046 3603 1180 3661 infirmos
1197 3605 1531 3678 pertinet:redemptio,
1545 3604 1580 3660 ad
1593 3603 1732 3680 captivos.
1746 3603 1822 3661 visi·
1914 3599 1916 3604 ’

108 3695 446 3760 illud:«Dominusab
469 3700 552 3753 utero
577 3696 690 3752 vocavit
712 3713 768 3764 ma,
789 3697 940 3754 daventre
993 3693 1067 3750 tavit
1090 3710 1158 3768 ergo
1174 3697 1202 3748 ει
1217 3693 1285 3748 lecit
1301 3692 1534 3765 redemptionem
1564 3692 1743 3766 plebissuae,
1771 3711 1822 3768 per

108 3782 214 3839 matris
229 3797 300 3838 mea
316 3783 485 3839 recordatus
497 3787 541 3840 est
556 3782 685 3840 nominis
701 3783 758 3838 mei
773 3801 780 3839 :
798 3788 827 3840 et
841 3784 941 3857 posuit
994 3783 1150 3840 adventum
1165 3799 1252 3838 suum
1268 3781 1411 3838 Dominus
1423 3780 1511 3839 Jesus
1526 3781 1729 3857 Christus,qui
1745 3782 1774 3840 in
1791 3799 1823 3840 ee

107 3887 140 3929 os
159 3887 260 3928 meum
276 3868 418 3928 Dominus
433 3875 467 3928 ut
481 3871 613 3946 gladium
629 3875 747 3928 acutum
763 3872 818 3928 sub
834 3873 939 3929 umbra
993 3871 1144 3928 credentes
1156 3874 1184 3926 et
1197 3887 1214 3925 a
1226 3869 1367 3944 languore
1382 3871 1487 3927 anima
1499 3870 1644 3939 liberavit,
1661 3875 1719 3929 eta
1734 3871 1825 3945 eapti·

107 3974 218 4014 manue
235 3973 295 4014 sua
311 3957 374 4029 (lar.
385 3958 473 4028 xtra).
485 3980 499 4008 ιι
513 3983 527 4008 ιι
541 3959 576 4014 Et
589 3959 685 4015 mirati
699 3963 769 4015 sunt
780 3961 938 4030 universi,»
993 3959 1082 4015 vitate
1108 3957 1252 4014 diabolica
1279 3959 1405 4031 pretioso
1426 3960 1569 4033 sanguine
1584 3960 1717 4017 redemit.
1740 3959 1823 4017 Unde

107 4047 143 4104 de
158 4046 211 4104 tali
220 4044 332 4103 scilieet
344 4047 508 4114 concordia,
522 4047 600 4121 qnod
616 4051 709 4104 mater
723 4048 830 4116 verbis,
846 4052 875 4105 et
887 4066 939 4122 pa·
993 4047 1061 4103 linis
1071 4046 1161 4120 hujus
1178 4047 1285 4103 cantici
1301 4047 1342 4102 ita
1357 4047 1564 4104 concluditur:
1583 4070 1597 4098 ιι
1613 4045 1751 4104 visitavit
1766 4065 1820 4104 nos

106 4139 154 4193 ter
167 4135 288 4209 scriptis
298 4135 328 4191 in
344 4152 451 4194 nomen
462 4135 513 4192 lilii
524 4137 744 4193 concordarent.
759 4137 854 4193 Mirati
868 4142 939 4194 sunt
993 4159 1007 4188 ιι
1024 4136 1122 4192 oriens
1144 4134 1262 4192 exalto.
1280 4133 1449 4191 illuminare
1469 4134 1526 4204 his,
1557 4136 1607 4209 qui
1635 4135 1665 4191 in
1690 4136 1820 4192 tenebris

105 4225 939 4299 tanreomarime,cumineorumcognationenemovo·
993 4249 1008 4278 ιι
1024 4229 1053 4283 ει
1068 4225 1096 4280 in
1127 4225 1232 4281 umbra
1261 4224 1363 4280 mortis
1393 4222 1505 4279 sedent.
1523 4245 1537 4274 ιι
1568 4223 1624 4280 Etc.
1651 4223 1730 4280 Plebi
1759 4241 1819 4280 sue

107 4317 226 4372 caretur
242 4311 297 4370 hoe
310 4313 438 4370 nomine.
992 4315 1073 4383 dicit,
1090 4331 1148 4370 non
1164 4313 1241 4387 quod
1266 4311 1342 4368 hanc
1356 4311 1476 4369 veniens
1497 4327 1581 4367 suam
1597 4311 1751 4381 invenerit,
1767 4313 1818 4370 sed

142 4425 157 4452 ιι
174 4405 318 4475 Apertum
329 4406 375 4458 εει
384 4405 481 4458 ειιιειιι
498 4400 576 4459 illico
584 4418 617 4459 os
630 4403 694 4477 ejus
709 4405 738 4460 et
750 4403 851 4478 lingua
862 4405 936 4477 ejus,
992 4403 1062 4477 qnia
1072 4419 1135 4459 eam
1147 4400 1292 4457 visitando
1305 4404 1333 4457 at
1346 4399 1514 4457 redimendo
1525 4415 1610 4456 suam
1621 4401 1729 4470 lecerit,
1741 4401 1820 4458 sieut

110 4509 121 4541 ι
138 4497 168 4548 ει
181 4488 367 4562 loquebatur.
385 4511 400 4540 o
424 4490 525 4546 ltlerito
546 4489 648 4566 lingua
675 4509 763 4566 quam
781 4491 937 4550 infidelitas
992 4493 1121 4566 ipseper
1140 4491 1212 4546 Osce
1228 4489 1402 4563 prophetam
1416 4488 1506 4546 dicit:
1523 4513 1537 4540 ιι
1554 4487 1669 4546 Vocabo
1681 4506 1738 4546 uon
1756 4489 1817 4564 ple·

106 4580 252 4645 vinxerat,
267 4579 339 4635 fides
351 4577 486 4646 absolvit,
503 4584 536 4636 ut
551 4579 724 4654 impleretur
738 4581 815 4655 quod
831 4582 867 4638 ab
883 4599 935 4638 an·
954 4605 976 4670 D
992 4581 1057 4636 bem
1074 4596 1168 4634 aream
1183 4579 1254 4651 (Osa.
1273 4579 1314 4650 ιι),
1327 4601 1342 4628 »ι
1359 4583 1388 4634 ει
1402 4577 1524 4652 reliqua.
1538 4579 1602 4636 llaee
1616 4579 1652 4636 de
1667 4579 1818 4636 nativitate

107 4667 172 4741 gelo
187 4667 213 4724 ei
230 4667 343 4724 dietum
358 4667 470 4725 tuerat:
487 4669 542 4726 Pro
558 4686 591 4728 eo
609 4671 686 4743 quod
711 4687 769 4727 non
789 4670 938 4728 credidisti
993 4668 1182 4742 precursoris
1195 4667 1309 4724 Domini
1323 4668 1358 4724 ad
1373 4665 1499 4725 litteram
1513 4669 1639 4725 breviter
1649 4669 1727 4725 diota
1737 4671 1816 4726 sunt.

109 4757 210 4813 verbis
227 4757 311 4824 meis,
322 4757 381 4814 eris
396 4761 506 4824 mutus,
519 4774 572 4814 nec
584 4759 691 4832 poteris
703 4757 784 4832 loqui
801 4777 893 4832 usque
908 4760 939 4816 in
993 4755 1170 4831 Spiritaliter
1184 4773 1252 4813 oum
1266 4757 1389 4814 loannis
1405 4755 1568 4814 celebratur
1583 4757 1729 4825 nativitus,
1746 4757 1819 4813 Novi

108 4847 188 4903 diem
206 4860 265 4918 quo
281 4845 342 4902 hoec
356 4847 437 4903 liant.
462 4847 535 4911 Ouia
557 4847 636 4903 enim
651 4865 704 4904 vox
728 4847 883 4904 clamantis
906 4849 937 4905 in
994 4846 1173 4905 Testamenti
1187 4845 1343 4904 inchoatur
1358 4845 1537 4903 sublimitas.
1554 4868 1568 4895 ιι
1583 4847 1606 4900 Α
1621 4845 1725 4902 diebus
1740 4845 1818 4901 enim
1905 4875 1912 4884 ·

110 4936 230 4992 deserto
242 4935 428 5004 nascebatur,
442 4937 545 4992 merito
560 4936 589 4991 in
602 4937 667 5009 ejus
677 4938 827 4994 nativitate
838 4935 939 5012 lingua
994 4936 1127 5002 loannis,
1143 4935 1184 4992 ait
1199 4934 1341 5002 Salvator,
1365 4951 1488 5008 regnum
1505 4933 1642 4990 coelorum
1658 4933 1718 4989 vim
1743 4933 1821 5008 pati·

111 5024 275 5097 patris,qui
284 5024 366 5097 prius
375 5025 571 5100 obmutuerat,
579 5024 940 5100 absolvitur.Loquebatur
995 5030 1053 5092 tur,
1061 5029 1090 5082 et
1105 5025 1156 5098 qui
1170 5026 1229 5080 vim
1242 5024 1364 5090 iaciunt,
1376 5023 1519 5097 diripiunt
1529 5021 1601 5078 illud
1615 5021 1721 5094 (natet.
1738 5023 1788 5094 ιιι).
1805 5044 1820 5075 ιι

112 5116 214 5170 autem
238 5129 297 5168 non
317 5112 406 5169 verba
420 5114 513 5170 otiosa
527 5112 572 5169 vel
586 5113 730 5183 tabulosa,
748 5116 798 5171 sed
826 5116 943 5172 benedi·
996 5112 1283 5188 Congratulabantur
1295 5113 1382 5168 vicini
1398 5116 1426 5167 ει
1440 5111 1555 5185 cognati
1567 5105 1713 5167 Elisabeth
1729 5111 1759 5166 in
1775 5127 1825 5168 na·

112 5217 183 5259 oens
191 5201 296 5257 Deum.
310 5202 383 5268 Quia
391 5202 571 5259 consuetudo
582 5206 750 5259 sanctorum
765 5207 820 5271 eat,
832 5207 864 5259 ut
874 5221 941 5260 cum
997 5205 1108 5259 tivitate
1123 5203 1256 5270 loannis,
1272 5201 1342 5274 quia
1356 5201 1496 5273 gaudium
1522 5203 1624 5256 natum
1646 5203 1691 5258 ast
1707 5200 1735 5256 in
1751 5199 1823 5258 calo

113 5307 232 5364 semper
248 5289 421 5347 benedicant
432 5291 599 5359 Dominum,
612 5291 737 5347 maxime
753 5295 822 5347 tunc
838 5291 867 5346 in
878 5293 942 5365 ejus
997 5291 1110 5364 angelis
1129 5292 1165 5348 de
1189 5291 1338 5347 ablutione
1360 5291 1521 5362 justorum,
1538 5289 1663 5346 Domino
1689 5290 1822 5347 dicente:

113 5379 317 5437 benedictione
332 5396 382 5435 ora
397 5379 537 5446 relaxant,
554 5380 671 5452 quando
687 5381 723 5436 ab
739 5379 839 5453 aliqua
850 5383 942 5437 tribu·
998 5405 1012 5432 ιι
1029 5380 1176 5438 Gaudium
1201 5380 1256 5436 erit
1279 5395 1376 5435 coram
1405 5378 1516 5452 augelis
1532 5379 1582 5435 Dei
1591 5379 1628 5457 jn
1655 5379 1726 5436 coelo
1748 5379 1824 5453 (tac.

114 5469 225 5525 latione
242 5467 357 5524 liberati
373 5469 490 5524 suerint.
504 5469 585 5535 Quod
599 5469 726 5543 hymnus
740 5470 828 5525 trium
843 5488 945 5544 puero·
998 5471 1055 5539 xv),
1075 5493 1088 5520 ιι
1104 5474 1158 5526 cto.
1175 5469 1241 5525 Sive
1255 5466 1536 5542 congratulabantur
1556 5469 1645 5525 vicini
1661 5473 1690 5526 et
1709 5469 1825 5543 cognati

112 5575 181 5614 rum
199 5555 325 5631 pleniter
337 5556 466 5614 declarat
476 5557 556 5630 (Dan.
571 5558 624 5631 m),
637 5558 687 5631 qui
703 5559 732 5614 in
743 5560 944 5633 caminoignis
999 5559 1131 5634 genitrici
1148 5559 1177 5614 in
1194 5562 1257 5613 ortu
1272 5558 1338 5613 novi
1355 5557 1447 5631 pueri,
1469 5558 1539 5631 quia
1553 5557 1682 5614 Ecclesia
1696 5555 1825 5632 spiritale
1858 5601 1861 5606 .

115 5645 249 5704 ardentis
264 5643 354 5702 soluti
370 5645 602 5716 deambulantes,
614 5663 672 5704 non
684 5647 779 5704 solum
793 5649 884 5704 Deum
898 5649 945 5705 be·
999 5649 1141 5723 gaudium
1159 5647 1272 5717 babuit,
1290 5664 1357 5704 cum
1374 5647 1490 5706 lidelem
1507 5646 1648 5721 populum
1663 5661 1714 5720 per
1730 5643 1824 5716 bapti·
