3872 6168
218 345 278 412 tet
498 345 704 410 HAYMONIS
727 333 1012 407 notescerem·
1022 305 1147 402 urlsc.
1169 339 1254 402 ΟΡΡ.
1280 340 1378 404 PARS
1400 339 1440 402 il.
1452 371 1492 385 -
1506 337 1638 402 ucula.
1829 345 1872 410 500

217 471 1046 552 dolumetodium,omnemquemalitiametsimulationes
1060 473 1085 540 Α
1102 475 1214 529 autem:
1239 497 1252 524 ι(
1270 471 1323 541 Qui
1339 472 1428 530 intrat
1443 489 1496 546 per
1511 472 1625 542 ostium,
1640 476 1731 545 pastor
1743 475 1780 532 est
1792 475 1874 534 crium.

217 573 248 626 et
259 567 385 626 invidias
400 572 488 640 atque
504 567 699 626 detractiones
714 567 867 638 deponere,
882 568 911 620 et
924 561 1049 619 inbonis
1104 561 1177 618 lluic
1200 559 1338 617 ostiarius
1358 561 1462 634 aperit,
1478 565 1506 618 ct
1521 578 1585 618 oves
1598 579 1690 619 vocem
1704 564 1760 633 ejus
1773 565 1875 622 audiunt.

217 657 510 731 operibusccrtamen
519 673 660 730 magnum
671 655 788 720 habere,
800 652 914 710 Christo
925 651 1048 709 Domino
1103 647 1240 706 Alienum
1256 655 1354 707 autom
1371 668 1429 706 non
1444 653 1616 724 sequuntur,
1631 651 1679 706 sed
1694 651 1794 724 lugiunt
1806 653 1834 708 ab
1846 672 1877 720 eo,

217 745 364 806 famulari.
381 768 395 796 a
408 747 479 802 Cum
488 749 644 817 pateretur,
655 761 713 800 non
722 742 968 799 comminabatur.
979 765 992 792 a
1007 741 1050 796 ln·
1104 735 1174 810 quia
1189 754 1246 793 non
1264 745 1406 795 noverunt
1419 755 1517 795 vocem
1533 739 1698 795 alienorum.
1711 761 1724 790 a
1733 741 1795 796 Cum
1807 747 1878 799 auten

214 833 301 907 juria
316 833 475 890 vindictam
497 849 556 888 uon
576 831 721 906 premisit,
738 829 889 888 sedetiam
906 846 957 902 pro
986 827 1049 886 suis
1105 831 1235 882 cerneret
1250 844 1299 882 cos
1314 827 1457 884 Dominus
1473 827 1527 884 hoc
1543 828 1717 901 proverbium
1731 845 1780 884 non
1801 829 1878 886 intelli·

219 921 441 980 crucifixoribus
453 921 591 988 exoravit,
608 924 640 976 ut
655 937 708 976 nos
724 918 792 976 alibi
805 917 914 985 docuit,
931 918 1047 974 dicens:
1105 929 1182 986 gere,
1198 915 1328 986 apertius
1342 915 1378 971 de
1393 931 1450 988 quc
1475 919 1589 988 pastore
1605 913 1759 987 loqueretur
1771 919 1878 990 exposui,
1916 937 1917 948 ¹

220 1035 234 1064 κ
244 1013 390 1085 Oretepro
399 1009 643 1083 persequentibus
654 1011 682 1065 et
692 1007 942 1065 calumniantibus
953 1010 1050 1074 vos,ut
1106 1002 1221 1059 dicens:
1239 1025 1253 1052 «
1270 1004 1329 1078 Ego
1345 1021 1411 1060 sum
1427 1009 1527 1078 pastor
1541 1004 1643 1061 bonus.
1660 1026 1673 1053 »
1691 1005 1742 1060 Sed
1756 1005 1781 1060 in
1794 1009 1879 1062 exordio
1916 1023 1917 1048 t

220 1099 284 1157 sitis
299 1099 351 1155 filii
372 1099 465 1155 Patris
488 1097 576 1154 vestri
589 1097 639 1170 qui
655 1097 684 1152 in
701 1097 781 1152 coelie
795 1100 841 1152 est
856 1095 960 1168 (llottb.
978 1098 1017 1165 v).
1035 1117 1048 1144 a
1105 1090 1195 1163 hujus
1205 1090 1338 1146 lectionis
1354 1092 1563 1164 inquirendum
1574 1096 1626 1160 cst,
1642 1109 1725 1165 quare
1739 1094 1880 1152 seDouinus

221 1209 235 1238 «
251 1187 397 1244 Tendebat
412 1189 510 1242 autem
522 1185 667 1259 Judicanti
685 1203 716 1241 se
727 1185 844 1258 injuste.
857 1207 871 1235 »
884 1185 938 1240 Per
949 1183 1052 1241 divini·
1107 1183 1252 1251 pastorem
1270 1179 1415 1236 nominari
1432 1180 1565 1237 volucrit.
1589 1180 1721 1253 Nunquid
1743 1182 1799 1238 ideo
1811 1188 1880 1254 pastor
1916 1221 1917 1248 ,

179 1295 188 1306 ’
218 1273 1052 1347 tatemtradidithumanitotem,quamassumpsitadpas·
1107 1265 1462 1340 dicitur,eoquocm0ra
1480 1268 1585 1326 terreni
1601 1269 1720 1342 pastoris
1733 1287 1791 1327 oros
1803 1272 1831 1326 al
1847 1290 1879 1344 pa-
1916 1285 1917 1288 ’

219 1362 709 1436 sioncm‚judicantisepcpulolud
733 1362 755 1444 '¹
944 1367 1051 1418 eretur·
1107 1356 1880 1431 scuaducatetreducat‘?Non.Scdpersimilitudinen

219 1452 250 1510 Si
264 1452 342 1508 enim
358 1451 421 1526 ipse
436 1452 485 1524 qui
502 1451 565 1508 sine
580 1468 616 1523 pe
669 1439 1052 1526 toera'tsproptcrpecoeta
1105 1444 1176 1502 talia
1192 1445 1310 1502 nomina
1323 1447 1348 1502 ei
1360 1445 1555 1520 applicantur,
1567 1445 1917 1534 utporvisibiliaiuvisiti·,

220 1545 331 1608 nostro,
349 1544 380 1595 ut
396 1557 450 1596 nos
467 1455 819 1630 redimerctzmortcbse
834 1539 964 1608 tradidit,
980 1538 1051 1612 quid
1106 1532 1145 1589 lia
1161 1533 1370 1606 intelligamus.
1387 1535 1469 1591 Sicut
1483 1535 1562 1592 enim
1578 1535 1638 1592 ovis
1648 1533 1883 1608 diciturpropterio·

218 1629 380 1687 retribuere
396 1627 573 1701 condignum
586 1610 868 1713 ejrffiimriqssjrdiae
881 1645 1050 1702 possumus,
1107 1621 1283 1688 nocentiam,
1300 1639 1395 1696 agnus
1409 1629 1528 1697 propter
1544 1623 1796 1689 mansuetudinem,
1808 1623 1882 1678 titulus

219 1717 277 1775 nisi
292 1721 408 1774 tantum
425 1721 457 1773 ut
471 1733 524 1772 nes
544 1733 619 1789 pura
633 1715 816 1798 ecdicesiouc
831 1722 860 1773 et
874 1716 1053 1789 prenitentiae
1107 1717 1226 1785 propter
1240 1729 1299 1767 suar
1316 1712 1413 1768 carnis
1424 1711 1664 1780 immolationem,
1675 1710 1884 1785 leoproptcriorti·

220 1803 626 1879 lacrymisclcemasynarom
638 1791 991 1880 larg'itictegliliiciibusque
1003 1804 1053 1860 mi·
1108 1798 1335 1872 tudinem,petra
1344 1805 1461 1872 propter
1471 1801 1693 1868 firmitatem,sie
1705 1801 1799 1856 dicitur
1808 1807 1883 1872 pastor,

222 1893 385 1953 sericordiae
395 1893 557 1966 etpietatis,
567 1894 603 1950 ad
614 1883 1051 1980 ejusnessempcrffiluutatem
1108 1905 1166 1945 non
1180 1887 1276 1945 solum
1293 1890 1371 1962 quod
1389 1889 1489 1946 fideles
1500 1908 1571 1946 suos
1591 1889 1771 1962 spiritualiter
1783 1893 1886 1961 parentet

222 1998 421 2057 preparemus
437 1981 572 2050 fideliter,
590 1985 621 2036 ut
635 1980 732 2054 dignis
747 1963 1053 2046 eruanocffi'ifflibus
1107 1976 1227 2045 reficiat,
1240 1978 1290 2033 scd
1300 1977 1386 2033 etiam
1399 1977 1477 2050 quod
1487 1995 1536 2034 eos
1547 1995 1565 2034 a
1577 1977 1721 2034 morsibus
1730 1977 1886 2051 luporumsua

223 2075 331 2128 eterna
345 2085 413 2126 cum
427 2085 461 2125 eo
475 2067 582 2141 gaudia
597 2067 747 2141 possidere
761 2067 935 2126 valeamus?
1108 2065 1285 2138 protectione
1299 2065 1446 2122 defendat.
1459 2070 1516 2122 lste
1526 2069 1573 2123 cst
1587 2065 1664 2123 enim
1674 2083 1754 2123 verus
1766 2065 1886 2139 pastor,qui

260 2182 273 2211 a
290 2159 344 2224 Oui
359 2161 480 2232 peccata
494 2161 595 2214 nostra
609 2157 672 2230 ipso
685 2155 805 2230 pertulit
819 2156 849 2212 in
866 2175 985 2231 corpere
999 2175 1054 2216 sue
1108 2153 1193 2211 uobis
1208 2153 1411 2210 rationabilem
1428 2172 1548 2211 sonsum
1573 2155 1684 2222 tribuit,
1704 2160 1731 2211 et
1750 2153 1887 2226 spiritualem

224 2271 240 2300 e
256 2265 345 2321 super
360 2247 484 2321 lignum.
503 2268 518 2296 »
533 2246 576 2302 Ad
591 2245 646 2301 hoe
659 2245 737 2323 enim
751 2246 780 2301 in
790 2245 869 2318 ligno
885 2247 980 2303 erucis
995 2247 1054 2320 pati
1108 2241 1288 2298 intellectum
1305 2242 1461 2299 ministret.
1479 2243 1543 2316 lpse
1558 2261 1645 2300 verus
1655 2247 1698 2299 est
1708 2247 1803 2316 pastor,
1814 2241 1850 2314 qui
1860 2257 1888 2296 sa·

223 2335 325 2400 voluit,
341 2340 374 2392 ut
389 2333 460 2408 ligni
472 2333 750 2407 prevaricationem,
767 2351 856 2406 quam
869 2337 962 2391 Adam
978 2336 1055 2392 fece·
1109 2336 1258 2388 cremento
1273 2331 1319 2387 sui
1336 2332 1465 2404 eorporis
1481 2349 1513 2388 ac
1528 2332 1684 2407 sanguinis
1695 2330 1782 2388 nonin
1791 2328 1888 2403 presenti

224 2431 281 2498 rat,
293 2424 412 2490 deleret,
429 2427 457 2478 et
467 2423 522 2478 iter
536 2421 620 2480 nobis
631 2423 667 2478 ad
680 2439 802 2496 regnum
815 2422 963 2488 emiorum,
977 2425 1054 2497 quod
1110 2419 1212 2486 reficit,
1228 2423 1257 2475 ct
1272 2419 1300 2476 in
1312 2419 1411 2476 tuturo
1422 2420 1458 2476 ad
1473 2419 1641 2477 satietatem
1651 2416 1889 2490 suecontemplatic·

225 2531 277 2590 per
292 2517 443 2587 peccatum
453 2512 520 2567 Adae
531 2511 641 2566 mundo
655 2511 789 2590 clausum
801 2512 904 2580 tuerat,
919 2513 1053 2585 aperiret.
1110 2508 1157 2564 nis
1172 2509 1314 2582 perducit,
1327 2509 1376 2581 qui
1388 2508 1428 2564 ait
1437 2509 1467 2565 in
1478 2508 1650 2582 Evangelio:
1667 2533 1680 2560 a
1697 2509 1752 2581 Ego
1765 2525 1821 2564 sum
1833 2503 1890 2578 panis

226 2625 241 2654 «
259 2602 296 2668 Ut
311 2599 565 2678 peccatismortui,
580 2597 701 2668 justitie
716 2599 860 2666 vivamus,
872 2601 957 2672 cujus
967 2600 1055 2658 livore
1109 2597 1192 2653 vivus
1207 2597 1257 2670 qui
1272 2598 1308 2653 de
1322 2597 1394 2654 coelo
1408 2596 1544 2654 descendi
1560 2603 1657 2667 (loon.
1672 2602 1743 2667 vr)‚'»
1759 2597 1790 2652 Et
1800 2595 1890 2650 iterun:

230 2711 245 2744 a
260 2689 355 2749 sanati
370 2706 485 2746 sumus.
495 2711 510 2738 »
528 2689 563 2746 Ut
577 2687 654 2744 sieut
669 2691 754 2744 antea
764 2705 816 2760 ρετ
832 2694 982 2760 peccatum
998 2689 1055 2746 Deo
1113 2708 1123 2736 ι
1141 2685 1195 2742 Ρετ
1211 2703 1256 2740 me
1267 2686 1291 2742 si
1308 2685 1374 2758 quis
1392 2685 1545 2754 introierit,
1562 2685 1733 2754 salvabitur,
1747 2689 1773 2741 et
1786 2681 1892 2756 ingredie-

228 2777 337 2838 mortoi
352 2793 481 2848 eramus,
494 2776 573 2833 itaet
588 2791 667 2832 nune
676 2793 727 2849 per
741 2775 908 2848 passionem
925 2783 1057 2835 etresur-
1111 2779 1161 2830 tur
1176 2777 1204 2830 et
1219 2773 1396 2846 egredictur,
1406 2777 1436 2831 et
1454 2791 1563 2847 pascua
1573 2773 1704 2832 inveniet
1718 2779 1800 2845 (loeo.
1813 2775 1860 2840 xl.»
1872 2769 1892 2823 lt

230 2866 387 2926 rectionem
397 2867 461 2937 ejus
469 2863 764 2924 adimmortalitatem
772 2869 908 2922 eternam
920 2867 1057 2939 perduee-
1111 2879 1229 2918 rursus:
1248 2884 1261 2913 «
1277 2861 1331 2927 Qui
1346 2863 1504 2919 manducat
1519 2879 1618 2920 meum
1634 2879 1747 2920 earnem
1760 2863 1833 2934 (loca.
1845 2863 1892 2926 egi

229 2955 399 3024 ret,etDeo
423 2953 568 3010 nesPatri
590 2971 644 3010 sue
674 2951 882 3021 reconciliaret,
914 2954 1058 3028 nobisque
1111 2949 1277 3024 etreliqua.
1294 2951 1346 3006 Et:
1375 2951 1476 3008 :Caro
1498 2967 1563 3008 mea
1577 2969 1646 3009 vere
1662 2957 1706 3008 est
1719 2951 1802 3017 cibus,
1815 2951 1837 3003 et
1848 2961 1892 3000 saa·

231 3047 405 3118 potestatem
421 3042 562 3098 tribueret
577 3041 687 3098 mundo
702 3040 777 3096 mori
788 3057 874 3114 posse
889 3045 917 3097 ei
931 3043 1057 3115 peccatis
1112 3039 1178 3112 guis
1194 3055 1277 3095 meus
1292 3055 1357 3096 vere
1371 3043 1416 3095 est
1430 3043 1527 3110 potus.
1541 3039 1630 3096 »Sub
1642 3031 1894 3112 eujuspestorisregi·

230 3132 368 3190 omnibus
381 3147 433 3204 per
447 3129 672 3198 consessionem,
689 3133 717 3186 et
731 3145 783 3202 per
800 3129 948 3202 justitium
963 3131 1058 3188 vivere
1113 3127 1191 3184 mine
1207 3127 1388 3184 abundantia
1397 3144 1548 3200 puscuese
1560 3128 1708 3186 invenisse
1718 3125 1842 3201 gaudebat
1849 3126 1893 3176 Pre-

229 3224 299 3280 Deo.
488 3280 492 3286 ,
1071 3203 1093 3271 G
1112 3215 1209 3288 pheta,
1227 3232 1293 3271 cum
1309 3215 1435 3272 diceret:
1453 3241 1466 3265 a
1483 3215 1628 3274 Dominus
1644 3217 1735 3290 pascit
1749 3232 1797 3282 uro,
1811 3219 1833 3269 et
1844 3205 1893 3266 nihil

265 3333 278 3360 o
292 3307 387 3365 llratis
403 3306 570 3363 enimsieut
585 3322 651 3362 oves
667 3310 807 3363 errantes.
826 3330 840 3357 υ
856 3307 943 3363 Εττοτ
958 3307 1055 3364 ovium
1110 3303 1183 3359 milri
1212 3302 1304 3359 decrit
1319 3303 1405 3374 (Prot.
1435 3307 1512 3372 narr).
1530 3327 1544 3354 n
1570 3305 1745 3362 Etiterum:
1772 3327 1784 3354 a
1798 3299 1894 3358 Satiatur

229 3397 316 3470 eulpa
331 3399 482 3469 pastorum
497 3411 561 3450 esse
574 3393 756 3465 intelligitur,
773 3393 824 3465 qui
834 3394 986 3468 negligunt
996 3413 1055 3452 cor·
1110 3393 1180 3448 dum
1195 3391 1429 3448 manifestabitur
1438 3391 1594 3466 gloriatura
1604 3395 1689 3468 (Psoi.
1704 3391 1895 3464 civitatatem

229 3485 324 3556 ripere
348 3481 562 3554 delinquentes,
592 3505 603 3533 a
620 3482 669 3536 sed
692 3483 822 3536 conversi
838 3483 910 3539 estis
925 3501 1003 3540 nunc
1019 3486 1055 3540 ad
1110 3480 1464 3555 pastorfidelibusovibus
1475 3481 1713 3555 promittebatur,
1722 3499 1783 3538 eum
1793 3475 1894 3534 Dominus

230 3594 244 3622 a
262 3573 408 3644 pastorem
431 3575 460 3626 et
475 3569 644 3640 episcopum
668 3568 835 3625 animarum
850 3574 1022 3627 vestrarum.
1041 3595 1055 3623 a
1110 3587 1162 3643 per
1176 3568 1347 3642 prophetam
1363 3569 1492 3626 dicebat:
1509 3593 1523 3621 a
1539 3571 1614 3628 llcce
1629 3589 1682 3645 ego
1697 3567 1827 3626 suscitabo
1839 3561 1895 3618 robis

229 3656 367 3716 Conversi
381 3656 524 3713 adiabolo
540 3657 575 3712 ad
591 3655 750 3722 Christum,
766 3656 802 3712 de
816 3658 944 3714 tenebris
959 3660 995 3715 od
1011 3659 1056 3716 lu·
1111 3661 1257 3730 pastorem
1274 3674 1375 3724 unum,
1394 3673 1510 3714 servum
1532 3675 1632 3716 meum
1650 3659 1747 3726 David,
1771 3655 1812 3728 qui
1832 3649 1896 3724 parcit

229 3763 303 3813 ceni,
320 3745 356 3801 dc
371 3744 510 3800 mortcad
521 3743 620 3810 vitum,
637 3745 670 3799 dc
682 3743 898 3802 infidelitatcad
910 3747 1009 3815 iidem,
1020 3749 1056 3806 de
1111 3764 1178 3802 oves
1202 3747 1231 3801 in
1251 3745 1363 3817 judicio
1387 3750 1416 3803 et
1436 3747 1554 3818 justitio
1569 3749 1677 3814 (Erech.
1693 3745 1791 3818 xxxiv).
1807 3765 1818 3790 a
1831 3739 1895 3808 quius

229 3833 400 3891 infirmitate
428 3833 464 3888 ad
494 3830 629 3897 salutem,
659 3830 689 3886 in
705 3849 763 3904 qua
785 3833 809 3888 si
836 3835 1056 3906 permanseritis
1111 3833 1318 3907 pastoristypo
1335 3834 1376 3890 vel
1393 3835 1497 3906 figura,
1514 3835 1606 3892 laceb
1625 3834 1894 3909 patriarcbaovespc·

229 3937 324 3995 usque
339 3921 368 3978 in
380 3922 480 3989 ssncm,
492 3920 576 3977 bonis
587 3921 723 3977 certando
734 3923 881 3995 operibus,
894 3923 964 3980 salvi
975 3925 1056 3982 eritis
1110 3923 1186 3980 visse
1201 3922 1317 3996 legitur.
1335 3923 1415 3980 Sicut
1430 3923 1508 3980 euim
1519 3925 1555 3980 ad
1570 3925 1699 3997 pastoris
1714 3921 1827 3980 officium
1837 3911 1894 3988 perti·

229 4011 259 4068 in
276 4009 504 4067 eternum5N0u
519 4009 598 4066 euim
614 4009 664 4081 qui
679 4010 796 4082 coeperit
807 4011 929 4082 bonurn,
939 4013 990 4070 ced
1006 4015 1056 4087 qui
1111 4016 1169 4080 net,
1186 4029 1244 4067 noa
1259 4011 1354 4067 solum
1378 4011 1513 4068 fortiores
1529 4029 1597 4069 oves
1613 4014 1649 4070 ad
1663 4028 1768 4086 pascuo
1781 4008 1894 4065 deluere

228 4098 454 4172 perseveraverit
469 4098 498 4154 in
515 4099 602 4168 bono,
617 4097 664 4154 hic
679 4097 777 4156 salvus
791 4100 854 4156 erit.
872 4103 954 4158 Tunc
977 4102 1055 4160 enim
1111 4101 1161 4157 sed
1177 4100 1264 4156 etiam
1282 4099 1406 4155 infirmis
1418 4101 1593 4156 medicinam
1605 4101 1780 4175 impendere,
1791 4089 1895 4150 sicetiaffl

229 4188 324 4263 placet
339 4188 396 4245 Deo
412 4192 512 4246 nostra
534 4188 694 4254 conversio,
710 4189 827 4260 quando
842 4190 954 4247 benum
977 4192 1055 4264 quod
1109 4189 1164 4246 iste
1174 4193 1339 4261 pastornon
1351 4188 1446 4244 solum
1457 4189 1647 4261 perfectiores
1658 4203 1783 4264 quosque
1794 4185 1818 4239 in
1831 4175 1897 4236 Eccle-

227 4271 412 4347 incbcamris,
429 4279 626 4348 perseveranti
641 4277 697 4333 fine
723 4278 914 4351 complemus.
942 4280 1054 4337 Bonum
1110 4278 1153 4333 sia
1168 4277 1253 4352 gcrit,
1274 4278 1322 4334 sed
1340 4277 1427 4333 etiarn
1443 4276 1569 4335 infirmis
1585 4279 1741 4336 animabus
1756 4291 1801 4349 per
1814 4263 1895 4325 miscri-

227 4383 364 4440 ergeuen
379 4365 512 4438 coepisse,
526 4366 577 4421 sed
590 4367 745 4438 perfecisse
754 4366 844 4422 virtus
856 4372 909 4425 est.
925 4369 997 4425 Nam
1013 4369 1056 4426 in·
1109 4367 1239 4424 cordiam
1248 4366 1464 4437 condescendit,
1476 4371 1505 4422 et
1514 4365 1771 4441 perpoeniteutiam
1780 4373 1860 4418 curan
1869 4369 1898 4406 sv-

227 4445 402 4512 choralibus
418 4453 570 4527 premium
581 4455 771 4526 promittitur,
783 4455 832 4511 sed
844 4460 1054 4528 perseveranti·
1110 4453 1338 4526 lutisimpcndit.
1349 4454 1429 4521 Quod
1440 4446 1828 4529 significanteJ'usdemlecob
1837 4440 1897 4498 acrba

228 4542 393 4626 bus'datur,
411 4559 461 4615 per
476 4559 543 4599 eum
554 4541 604 4614 qui
621 4541 763 4614 promisit,
780 4543 829 4614 qui
840 4549 885 4600 est
896 4563 982 4602 verus
993 4564 1056 4620 pro·
1069 4565 1093 4629 Ι)
1109 4541 1251 4600 dicentis:
1269 4567 1282 4592 a
1299 4541 1391 4610 Nosti,
1409 4541 1531 4600 Domine
1546 4544 1596 4611 mi,
1613 4545 1693 4618 quod
1707 4543 1793 4600 babeo
1807 4549 1860 4592 ores
1871 4528 1896 4582 sl·

227 4631 336 4688 missor
350 4635 379 4687 et
394 4630 514 4706 largitor
528 4631 613 4687 lesus
633 4631 766 4687 Christus
782 4631 923 4690 Dominus
945 4642 1052 4693 nostor.
1108 4637 1154 4688 tas
1170 4638 1284 4686 teneras
1295 4647 1420 4698 raecum,
1432 4649 1506 4704 quus
1518 4632 1541 4688 si
1553 4633 1583 4689 in
1594 4631 1771 4690 ambulando
1781 4617 1897 4700 pluslabu

227 4721 281 4787 Qui
296 4721 366 4777 vivit
380 4725 409 4777 et
424 4724 602 4793 regnateum
614 4719 697 4774 Patro
707 4724 735 4775 et
745 4720 853 4793 Spiritu
865 4728 965 4780 sancto
976 4725 1053 4783 Deus
1108 4738 1172 4777 rare
1188 4721 1290 4788 secero,
1308 4719 1469 4776 morientur
1484 4723 1581 4778 cuncti
1597 4739 1703 4797 greges
1717 4735 1773 4776 une
1791 4713 1830 4770 die
1843 4711 1896 4776 (th-
1916 4705 1917 4708 ¹

227 4825 279 4880 per
293 4809 392 4865 omnia
408 4808 515 4866 sarculo
529 4807 712 4864 saeculorum.
728 4810 830 4864 Amen.
1108 4809 1217 4881 xxxin).
1234 4832 1247 4858 n
1264 4808 1345 4864 Unda
1361 4825 1412 4880 per
1427 4809 1606 4866 Ezechielem
1622 4807 1790 4884 prophetam
1805 4796 1896 4856 dicitur:

484 4949 636 5005 Hmssm
655 4947 785 5005 LXXXIII
1109 4921 1123 4950 o
1136 4900 1206 4954 llcce
1221 4914 1274 4970 ego
1290 4897 1352 4970 ipse
1362 4897 1511 4969 requiram
1522 4916 1589 4956 oves
1601 4917 1694 4965 meas,
1705 4901 1733 4954 et
1742 4887 1848 4950 visitabo
1856 4893 1895 4938 cti·

766 5040 771 5049 .
821 5041 825 5051 .
897 5043 901 5052 .
1007 5046 1043 5058 ,,
1108 4987 1189 5043 Sicut
1214 4985 1311 5041 visitat
1334 4991 1434 5058 pastor
1449 5003 1567 5060 gregem
1583 5003 1672 5044 suum
1688 4986 1718 5042 in
1742 4983 1794 5045 die,
1812 4966 1917 5047 quande}

227 5051 364 5094 nocrimen
380 5055 508 5096 saeuam
523 5055 591 5094 eosr
601 5054 717 5104 rasum,
732 5041 918 5096 Misericordia
931 5047 1053 5100 Demens.
1109 5074 1196 5132 sueri,
1205 5073 1234 5128 in
1247 5072 1342 5129 medio
1353 5073 1451 5130 ovium
1461 5091 1583 5134 suarum
1592 5051 1898 5149 dissipatarum'sicvig
1916 5055 1917 5076 r

263 5158 355 5230 (loss.
371 5163 411 5230 x.)
429 5162 460 5216 ln
486 5160 535 5217 illo
564 5165 694 5233 tempore
710 5159 782 5217 dixit
800 5161 886 5219 lesus
901 5164 1054 5238 discipulis
1107 5164 1175 5220 tebo
1191 5179 1257 5219 oves
1274 5178 1354 5218 meas
1367 5166 1395 5219 ct
1411 5165 1593 5238 congregabo
1609 5181 1659 5222 eas
1675 5163 1711 5220 de
1725 5154 1827 5216 cuncus
1839 5143 1897 5206 locis.
1916 5201 1917 5206 ,

230 5267 240 5294 ι
258 5245 333 5302 suis:
351 5248 410 5320 Ego
426 5265 492 5304 sum
513 5253 611 5320 pastor
627 5249 754 5306 bonus.»
773 5251 807 5306 Εἰ
821 5251 944 5325 reliqua.
960 5255 1053 5329 Supe-
1107 5253 1138 5310 in
1149 5252 1256 5326 quibus
1265 5251 1402 5324 disperse
1414 5252 1539 5310 lucrant.
1549 5255 1629 5318 Quod
1641 5250 1764 5327 perierat
1775 5238 1897 5314 requiram,

226 5333 289 5389 rius
304 5337 399 5390 textus
414 5335 559 5408 Evangelii
574 5343 674 5393 narrat
684 5337 810 5410 qualitor
824 5340 967 5398 Dominus
980 5344 1054 5402 inter
1107 5343 1185 5415 quod
1201 5341 1347 5414 abjcctum
1360 5341 1453 5398 luerat
1468 5328 1897 5414 reducam,etquodconlrectu111
1916 5349 1917 5352 ¹

225 5422 1053 5500 bonosmalosquepestoresdiscretionemlecerit,diecns
1108 5430 1244 5504 alligabo,
1271 5433 1298 5484 ct
1314 5429 1391 5501 quod
1416 5430 1566 5487 infirmum
1589 5429 1782 5492 consolidabo,
1805 5403 1895 5484 ecquod

223 5512 260 5568 de
270 5509 373 5567 malis:
390 5536 403 5562 a
413 5513 465 5577 Qui
475 5529 532 5568 non
543 5511 632 5570 intrat
643 5517 808 5587 perostium
818 5518 847 5573 in
857 5519 930 5576 ovile
941 5523 1053 5594 ovium,
1107 5521 1215 5593 pingue
1230 5523 1258 5574 ct
1273 5520 1345 5574 torte
1359 5519 1522 5576 custodiam
1539 5521 1644 5590 (Erech.
1662 5517 1766 5587 των).
1783 5535 1795 5562 a
1808 5501 1897 5594 19⁵0&

223 5599 273 5659 sed
290 5599 422 5658 ascendit
435 5599 565 5670 aliunde,
574 5599 623 5657 ille
635 5601 681 5657 tur
692 5607 738 5658 cst
752 5607 780 5659 ot
790 5603 873 5662 latro.
885 5631 899 5657 »
912 5613 949 5666 De
966 5611 1051 5667 bonis
1106 5609 1194 5668 etiam
1211 5606 1261 5679 qui
1277 5609 1511 5666 sanatcontritos
1526 5611 1620 5679 corda,
1637 5613 1666 5666 ct
1676 5589 1897 5680 alligetcontriue
