4034 6180
187 392 250 483 §73
390 389 596 453 aauuouls
617 390 884 470 uatpuusrar.
906 389 1030 461 belse.
1053 389 1140 455 OPP.
1164 389 1264 455 PARS
1286 385 1693 452 tlt-tsssuuuhltuaa,
1836 382 1898 463 BQ

190 521 330 596 mandata
343 520 405 590 Dei,
420 520 451 577 in
468 525 610 596 quantum
635 521 697 596 ipsc
721 519 834 578 dederit
856 519 1013 590 custodire,
1028 519 1056 597 A
1070 518 1295 594 contemplativa
1304 518 1409 591 vitain
1421 517 1653 592 quotlraatorem
1664 530 1754 586 suum
1766 518 1897 584 creatura
2005 509 2006 528 ¹

189 597 1014 684 'eleemosynasfaciendo,orationihuslacrymis,vigiliis
1069 606 1275 665 intellectualis
1300 608 1336 664 ab
1361 604 1441 664 omni
1457 610 1576 680 peccato
1598 608 1734 680 purgata,
1750 606 1841 678 atque
1864 620 1897 674 ea

185 694 1014 779 jejupiisqueinsistendo.Bonaquibuscunquepossimus
1070 694 1150 754 omni
1171 701 1253 770 parte
1275 701 1379 754 sauata
1399 697 1499 754 visura
1513 700 1567 766 est,
1585 693 1854 767 acoutamplsudo,
1870 691 1898 748 id

190 787 347 870 operando,
364 806 398 848 ca
421 806 484 864 qus
509 787 588 844 mala
608 792 678 844 sunt
701 786 885 854 declinando,
901 790 930 844 et
950 802 1014 858 qua
1069 790 1113 844 est
1126 786 1250 843 videndo
1267 784 1596 860 uomenacoepit.Quod
1608 783 1633 840 si
1648 784 1689 842 ita
1704 785 1749 840 cst
1765 781 1817 838 illa
1831 781 1897 852 vita,
2005 815 2006 856 ,

191 875 292 956 sancta
306 877 335 934 et
348 877 405 934 Deo
418 877 526 952 placita
536 881 615 945 sunt,
624 877 688 950 ipso
699 877 855 950 adjuvante
865 876 934 932 totis
944 873 1015 930 viri·
1070 875 1120 931 nbi
1134 875 1212 932 Deus
1223 875 1314 932 videri
1329 879 1436 948 potest,
1447 875 1512 948 ipsa
1525 872 1754 947 contemplativa
1766 872 1828 930 uita
1839 889 1898 928 ere-

191 967 247 1046 bus
262 967 418 1040 operando,
441 970 474 1022 ut
488 965 636 1039 pervenire
651 981 818 1022 mereamur
832 964 867 1021 ad
883 967 1015 1021 sanctam
1070 965 1166 1022 denda
1176 967 1229 1022 est.
1237 968 1270 1019 ln
1281 961 1415 1037 praesenti
1426 968 1522 1021 autem
1530 963 1591 1021 vita
1600 961 1729 1029 miseriis
1737 961 1898 1025 erroribus·

190 1053 806 1136 societatemangelorumcivium,aeternam
816 1052 1014 1110 Hierusalem:
1071 1071 1127 1131 que
1154 1053 1336 1128 plenissima,
1353 1053 1444 1110 Deum
1460 1052 1551 1110 videri
1567 1051 1655 1110 sicuti
1670 1054 1715 1107 cst
1728 1067 1787 1107 uon
1804 1067 1897 1126 posse,

191 1145 222 1199 in
237 1146 355 1220 quaest
371 1143 528 1201 electorum
545 1143 677 1201 omnium
701 1143 825 1201 societas
839 1147 950 1209 sancta,
967 1159 1016 1199 so·
1071 1142 1194 1200 dubium
1210 1160 1269 1199 non
1285 1147 1338 1200 est.
1355 1143 1413 1200 Nec
1438 1144 1554 1198 moveat
1577 1140 1653 1214 quod
1678 1139 1725 1195 bic
1751 1156 1899 1214 quoquae

190 1232 327 1290 lemnitas
341 1237 429 1303 certe,
446 1235 562 1308 requies
578 1249 690 1302 secura,
707 1251 762 1306 pax
785 1250 862 1302 reru,
879 1232 937 1288 vita
952 1248 1016 1306 per·
1068 1231 1159 1304 justis
1173 1231 1304 1305 antiquis
1318 1231 1413 1289 visum
1429 1231 1555 1304 legimus
1569 1230 1675 1300 Deum,
1695 1227 1841 1302 quianon
1858 1233 1900 1286 ast

191 1325 290 1396 petua.
307 1323 349 1378 Ad
366 1339 455 1396 quam
479 1321 598 1379 illorum
622 1322 754 1378 omnium
779 1321 829 1396 qui
854 1321 885 1378 in
900 1325 1018 1378 essunt
1072 1321 1101 1378 in
1113 1321 1166 1377 hac
1179 1319 1384 1379 humiliatione
1400 1316 1899 1392 nostrasicvisus,sicutiuillaela·

191 1411 306 1468 meritis
320 1416 350 1468 et
364 1411 500 1486 precibus
514 1411 607 1484 adjuti
621 1427 788 1468 mereamur
801 1410 968 1482 ascendere,
984 1427 1018 1468 eo
1072 1409 1157 1466 ritate
1170 1410 1313 1468 videndus
1324 1414 1377 1468 est.
1391 1409 1634 1482 Quandoquidem
1649 1406 1680 1464 in
1696 1405 1899 1472 formavisihi·

193 1501 319 1574 donante
334 1500 383 1577 qui
399 1518 451 1576 per
466 1499 581 1557 infinita
593 1501 663 1558 vivit
674 1497 791 1558 secula.
808 1502 910 1556 Amen.
1072 1498 1109 1555 lis
1124 1504 1262 1556 creaturae
1279 1499 1307 1554 in
1332 1516 1391 1574 qua
1415 1516 1469 1574 pro
1485 1497 1705 1572 dispensatione
1721 1499 1900 1570 temporum,

519 1617 636 1676 CAPUT
655 1617 689 1673 ΠΙ
1072 1585 1901 1662 ubivoluit,etquibusvoluit,Justisapparnit,necpotuit

277 1711 388 1778 Quanto
402 1708 548 1772 eteorum
567 1709 604 1764 ait
617 1708 717 1778 pluria,
733 1705 824 1762 cidare
838 1707 933 1764 Deuca.
1073 1694 1126 1735 ¹¹⁰⁰
1139 1681 1234 1752 potest
1247 1678 1407 1779 Vldflllgsssd
1423 1677 1531 1751 l¹0terit
1544 1693 1612 1732 ⁰⁰¹³
1628 1675 1662 1777 {d
1680 1691 1842 1748 supssffltm
1854 1691 1900 1750 1³⁸·

229 1811 336 1887 (Beda.)
349 1813 455 1870 Nullus
468 1829 565 1870 sermo
580 1811 734 1884 explicare,
748 1809 848 1867 nullus
862 1810 939 1870 valet
952 1827 1018 1866 sen·
1073 1767 1161 1824 mam
1177 1768 1371 1841 peregrinum
1386 1771 1487 1824 ΗΘΜ
1502 1767 1711 1839 pflmnfflhm
1721 1763 1902 1838 dmi-³¹⁰⁰&

194 1919 248 1961 gu„
268 1901 525 1975 mmpmhendeffl,
542 1904 653 1971 quant,
677 1899 736 1956 sin,
752 1901 860 1974 gaudia
871 1902 1020 1970 justorum
1035 1892 1059 1960 B
1074 1861 1168 1912 strum
1184 1855 1390 1922 immortalitas
1411 1856 1497 1914 beata
1519 1853 1657 1922 vestierit,
1674 1857 1763 1928 atque
1779 1853 1819 1910 ad
1834 1871 1902 1924 cop.

194 2007 262 2056 cupi
278 1989 454 2046 accesserint
469 1988 504 2045 ad
519 1988 589 2044 Sion
604 1993 744 2056 montem,
764 1993 794 2045 et
807 1989 953 2046 civitatem
968 1989 1019 2046 Dei

192 2075 317 2134 viventis
327 2075 508 2133 Hierusalem
518 2077 675 2149 coelcstem,
682 2082 711 2133 et
720 2077 881 2134 multorum
892 2077 1019 2134 millium

195 2164 1019 2239 angelorumfrequsatiam‚ipsumquecivitatisajusdem

194 2253 336 2312 artificem
359 2257 389 2310 at
412 2254 592 2312 conditorem
608 2255 711 2323 Deum,
728 2272 787 2312 non
800 2272 852 2329 per
866 2255 1018 2329 speculum
1393 2255 1509 2314 CAPUT
1530 2255 1578 2312 lv.

194 2346 223 2400 at
236 2343 265 2398 in
281 2343 530 2416 enigmatasicut
545 2345 694 2416 nunc,sed
705 2345 822 2401 faciead
836 2344 938 2401 faciem
950 2361 1019 2401 con·
1074 2348 1151 2418 Quod
1168 2347 1212 2403 tric
1228 2362 1279 2419 per
1299 2347 1380 2418 fidem
1401 2349 1499 2418 potest,
1525 2347 1556 2400 in
1569 2345 1665 2417 futuro
1688 2351 1784 2409 amen
1806 2347 1907 2416 poterit

193 2431 352 2506 sparserint.
368 2432 408 2489 De
423 2449 481 2504 qua
495 2432 606 2490 visione
632 2432 703 2488 dicit
725 2433 828 2489 beatus
851 2433 953 2491 Petrus
977 2433 1019 2490 lo·
1299 2419 1369 2476 Deua
1383 2417 1534 2490 cmaipcr
1547 2418 1674 2489 spectem.

195 2517 289 2594 quens
314 2521 350 2578 de
373 2521 497 2577 Domino
513 2520 649 2578 fidelibus
666 2538 673 2576 :
690 2522 722 2577 la
736 2539 817 2596 quem
829 2538 904 2578 nanc
916 2537 1020 2594 quoquc
1109 2523 1318 2597 percarceralis
1336 2523 1416 2579 enim
1431 2523 1551 2578 sanctus
1565 2519 1745 2594 Apostolus:
1761 2523 1905 2593 Perpau
2005 2511 2006 2590 s

195 2626 249 2672 acc
263 2609 382 2667 videntes
397 2609 529 2667 creditu:
545 2627 625 2682 quem
640 2627 702 2666 cam
722 2611 845 2668 cr'deritis
859 2611 1020 2667 exultabitis
1073 2613 1256 2681 ambutemus,
1273 2629 1326 2668 nou
1347 2629 1397 2684 per
1417 2614 1534 2684 speeiem
1548 2615 1589 2680 (ff
1602 2609 1662 2667 Gor.
1677 2611 1716 2682 v).
1736 2611 1824 2668 Fides
1838 2625 1903 2685 ergo

204 2699 294 2760 aetc'tr'c
318 2701 504 2756 inenarrabili
527 2707 553 2755 et
572 2701 726 2771 glorificata
749 2700 772 2772 (l
784 2701 857 2756 Patr.
874 2700 904 2771 1).
928 2702 1017 2773 (loun.
1073 2705 1119 2758 est
1132 2719 1184 2775 per
1198 2717 1287 2774 quam
1304 2699 1482 2768 ambulatur,
1498 2704 1527 2756 et
1548 2700 1663 2772 speeies
1685 2717 1751 2772 qua
1779 2701 1901 2757 videtur.

1075 1943 1293 2018 temptationem
1309 1944 1437 2001 divinam
1450 1943 1494 2002 vel
1507 1943 1721 2020 perceptionem
1738 1941 1900 2000 caelestium

1074 2033 1271 2106 premiorum,
1288 2050 1390 2091 omues
1404 2049 1469 2090 vere
1485 2031 1679 2101 fideles,frdes
1694 2033 1771 2105 ipsa,
1782 2049 1848 2108 quse
1858 2031 1901 2090 bic

1074 2125 1173 2180 futura
1188 2123 1392 2190 credebantur,
1408 2121 1528 2198 impleta
1543 2121 1719 2195 perduxerit.

194 2789 303 2861 dlupa)
312 2787 522 2861 Explicarinou
531 2787 827 2860 potestilliuslatitia
837 2789 1019 2861 magnitudo,
1073 2791 1146 2856 Quia
1160 2791 1190 2846 iu
1206 2790 1261 2846 bac
1271 2791 1331 2847 vita
1340 2789 1390 2846 ubi
1403 2806 1454 2863 per
1465 2789 1552 2845 fidem
1564 2788 1773 2852 benevivendo
1789 2789 1903 2862 protici-
2005 2785 2006 2806 ¹

194 2877 353 2934 ubianima
363 2877 398 2934 ad
406 2877 554 2949 propriam
563 2876 790 2950 generositatem
800 2893 942 2950 regressa,
952 2895 1019 2934 cum
1073 2897 1151 2947 mus,
1161 2881 1305 2936 bonorum
1320 2895 1441 2952 operum
1460 2877 1678 2951 quodammodo
1693 2879 1903 2950 passibasam·
2005 2893 2006 2940 1

194 2966 303 3027 fiducia
318 2965 508 3039 coepcritjam
520 2965 616 3022 videre
627 2966 719 3023 Deam
730 2965 886 3035 suum,oui
898 2983 1018 3040 congre·
1072 2967 1227 3036 bulamus;
1240 2968 1269 3024 in
1281 2968 1380 3024 futuro
1396 2971 1494 3024 autem
1511 2965 1712 3040 pervenientes
1723 2965 1760 3022 ad
1775 2967 1900 3038 epactam
2005 3039 2006 3052 χ

194 3055 274 3127 gatto
290 3059 393 3117 sancta
406 3071 441 3112 ex
456 3054 568 3128 angelis
584 3059 671 3127 atqua
694 3055 888 3129 archangelis,
904 3055 1019 3114 thronis
1068 3059 1132 3130 jam
1148 3075 1205 3113 non
1221 3057 1277 3114 erit
1287 3073 1344 3130 quo
1354 3056 1433 3113 velut
1445 3055 1623 3129 proficiendo
1633 3054 1899 3116 ulteriusarubula·

194 3142 223 3200 e't
236 3143 964 3217 dominationibus,principatibusacpotestatibus
974 3163 1019 3202 as·
1073 3163 1150 3216 mus,
1160 3147 1210 3203 sed
1223 3147 1318 3219 ipsam
1333 3145 1470 3218 speciem,
1484 3145 1519 3201 ad
1537 3159 1626 3216 quam
1642 3160 1694 3217 per
1708 3144 1800 3208 fldem
1815 3143 1898 3216 spiri·
2005 3201 2006 3210 ,

193 3233 293 3291 sistet:
303 3233 646 3307 qualiegloriasternum
657 3249 754 3306 regem
764 3233 1017 3308 videreplacatum
1033 3263 1054 3329 G
1072 3235 1161 3292 talem
1177 3234 1374 3302 ambulamus,
1388 3234 1584 3308 pervenimus,
1600 3231 1761 3290 insatiabili
1774 3233 1897 3289 delecta·
2005 3279 2006 3292 ,

193 3322 276 3379 nulla
288 3339 342 3380 vox
355 3323 451 3380 dicero
461 3323 581 3390 sufficit,
591 3322 672 3378 nulla
682 3323 818 3396 cogitatio
830 3323 1019 3396 comprehan·
1073 3325 1151 3381 tione
1165 3324 1341 3381 videbimus.
1358 3325 1391 3380 ln
1407 3327 1550 3396 quantum
1566 3326 1664 3378 autem
1680 3316 1758 3378 valet
1772 3321 1899 3380 humana

194 3413 261 3469 dere
275 3415 380 3485 potest.
396 3411 503 3485 lltlugit
516 3411 595 3468 anim
611 3429 728 3469 omnem
740 3427 916 3481 sermonem,
931 3416 1018 3486 atque
1073 3431 1166 3482 meus,
1176 3429 1264 3487 quam
1276 3429 1348 3472 suus
1362 3413 1479 3470 Creator
1492 3411 1527 3468 ad
1544 3427 1629 3469 suam
1644 3411 1714 3467 fecit
1729 3411 1895 3486 imaginem.

177 3515 310 3578 ‚omnam
318 3517 439 3558 sensum
450 3500 585 3557 humans
596 3500 1017 3570 mentisexceditdeeusillud,
1073 3504 1189 3560 studeat
1212 3503 1301 3560 ctiam
1316 3501 1363 3558 hio
1386 3499 1611 3575 intelligibiliter
1630 3500 1724 3556 Deum
1739 3501 1837 3564 uidere
1850 3516 1898 3572 par

193 3587 245 3645 illa
258 3588 456 3660 pulchritudo,
466 3588 516 3644 illa
529 3588 634 3657 virtus,
644 3587 695 3644 illa
709 3587 811 3661 gloria,
821 3587 872 3645 illa
885 3590 1019 3662 magnill-
1072 3592 1171 3659 fidem,
1182 3597 1288 3649 uteum
1297 3591 1413 3664 plenius
1423 3590 1518 3648 videat
1527 3605 1595 3646 cum
1607 3588 1772 3663 peruenerit
1784 3603 1898 3646 munere

194 3677 301 3744 cantia,
316 3676 368 3734 illa
385 3677 533 3748 maJ'estas.
547 3675 571 3731 0
586 3693 676 3747 quam
691 3675 878 3734 ineffabiliter
891 3678 960 3735 felix
974 3677 1018 3735 ni·
1071 3673 1166 3755 ipsius
1182 3679 1345 3737 Conditoris
1359 3681 1406 3737 sui
1421 3681 1458 3736 ad
1475 3679 1613 3751 speciem.

194 3764 347 3836 natumque
356 3765 469 3833 beatus,
479 3765 528 3836 qui
541 3769 632 3820 Deum
640 3764 671 3820 ia
686 3763 737 3820 illa
752 3769 891 3838 perpetua
901 3767 1018 3841 regione
1401 3803 1518 3862 CAPUT
1537 3803 1562 3858 v

193 3853 292 3910 ”dm
306 3857 456 3954 Quiri&
473 3853 523 3910 um
537 3869 601 3910 ⁵¹⁰⁰
615 3854 674 3953 ‚fine
695 3869 762 3910 Μ
783 3854 896 3928 angelis
920 3861 949 3912 et
972 3873 1017 3913 a*
1073 3897 1104 3952 ln
1128 3903 1230 3972 querefa
1253 3895 1380 3952 claritate
1400 3893 1435 3950 at
1457 3893 1547 3950 electis
1561 3893 1619 3950 aare
1634 3892 1773 3949 videbitur
1788 3895 1854 3950 fleus
1867 3892 1893 3950 ia

195 3941 345 4016 changclas
360 3940 483 4000 feliciter
497 3941 645 4018 gaudebit.
1405 3981 1489 4035 „ww
1503 3981 1563 4022 wo,

512 4067 629 4126 CAPUT
648 4069 697 4128 Hl-
1108 4082 1214 4156 (Beda.)
1229 4087 1263 4140 la
1278 4100 1311 4140 aa
1325 4080 1457 4140 claritate
1472 4098 1532 4154 qua
1546 4079 1684 4155 discipuli
1699 4077 1835 4156 videraut,
1846 4079 1892 4152 Dc

193 4161 271 4239 Quod
284 4169 431 4248 cpthcum
444 4160 533 4216 sancti
546 4158 581 4216 cd
591 4161 717 4244 satarum
728 4161 891 4245 perveniam
905 4160 1019 4219 lectita·
1073 4172 1186 4230 minum
1202 4171 1362 4248 fulgentem
1378 4171 1407 4228 in
1422 4175 1520 4230 monte
1535 4171 1647 4244 (plant.
1664 4171 1747 4246 xpp),
1763 4170 1793 4228 iu
1807 4187 1839 4234 ea
1852 4185 1892 4242 pp

289 4235 391 4301 dmm
405 4233 524 4306 Ferme
538 4231 622 4288 ”mm
635 4231 727 4288 ”mm
739 4247 796 4288 ''⁰''
807 4241 923 4304 P⁰³⁸mh
1072 4266 1150 4318 racto
1162 4261 1274 4334 judicio
1286 4262 1322 4318 ab
1337 4259 1475 4318 omuibus
1492 4258 1601 4318 sanctis
1615 4257 1645 4322 iu
1658 4273 1812 4332 regnosco
1826 4253 1892 4327 rida-

228 4351 344 4427 (Prosp.)
360 4349 396 4434 ln
407 4347 459 4405 illa
472 4349 557 4405 beata
571 4346 630 4403 vita
655 4364 718 4422 quae
741 4347 840 4404 futura
854 4351 909 4418 est,
924 4348 1016 4406 Deum
1072 4350 1159 4408 bitur.
1169 4351 1223 4406 Sed
1240 4350 1316 4424 quod
1333 4348 1471 4406 mortales
1482 4349 1589 4420 adhuc,
1599 4345 1808 4422 corruptibiles
1818 4343 1892 4410 uisci

190 4440 278 4515 sicuti
293 4444 336 4502 est
348 4437 474 4514 perfecte
488 4435 627 4494 videbunt
642 4435 745 4506 sancti,
757 4436 807 4491 ubi
821 4438 849 4492 et
865 4436 921 4510 ipsi
932 4441 1019 4498 crunt
1072 4438 1209 4513 pulcrum
1225 4439 1302 4496 oculi
1313 4437 1434 4496 sufferre
1445 4438 1648 4512 nequiverunt,
1661 4441 1734 4499 tunc
1747 4453 1798 4510 per
1808 4449 1890 4492 resur

191 4530 256 4588 vita
267 4533 379 4588 aterna
390 4543 423 4587 ae
434 4525 517 4600 regni
528 4523 653 4581 coelestis
669 4523 873 4584 consecutione
886 4525 1015 4598 perfecti.
1072 4527 1230 4586 rectionem
1239 4529 1302 4600 jam
1314 4527 1388 4584 facta
1398 4523 1640 4598 incorruptibilis,
1650 4527 1786 4598 potenter
1795 4519 1888 4578 intueri

193 4598 336 4690 Caeterum
352 4615 376 4676 si
391 4615 439 4675 hic
454 4615 578 4690 perfecte
592 4613 736 4686 potuisset
755 4613 951 4672 substantiam
966 4615 1017 4672 Dei
1032 4639 1055 4704 D
1072 4617 1181 4675 suflicit
1196 4616 1292 4674 omnis
1307 4613 1437 4672 Ecclesia
1452 4617 1632 4684 sanctorum,
1644 4614 1679 4677 dc
1690 4611 1887 4686 quasuiptum

193 4696 325 4775 humana
342 4704 488 4782 fragilitas
510 4703 712 4776 contemplari,
728 4719 880 4778 nunquam
897 4709 1017 4764 sanctus
1071 4711 1137 4764 est:
1157 4707 1252 4780 Repem
1275 4707 1304 4762 in
1330 4705 1426 4764 decore
1450 4721 1499 4762 auo
1523 4703 1653 4762 ridebunt
1675 4703 1751 4762 ocati
1764 4703 1820 4776 ejas
1832 4699 1885 4770 (lea,

192 4797 371 4878 evangelista
399 4795 520 4854 dixisset
546 4811 552 4850 :
575 4794 664 4849 Deum
688 4809 770 4848 acmo
793 4793 865 4849 cidit
892 4809 1018 4868 cuparum
1072 4799 1181 4863 xxxin).
1199 4796 1337 4852 Deoorem
1352 4794 1448 4862 illum,
1462 4793 1585 4870 gloriam
1601 4791 1695 4860 illam¹
1712 4783 1889 4866 pulchritudi-

193 4894 282 4963 (leae.
303 4892 438 4961 v1);uon
463 4881 535 4942 dixit
552 4899 559 4938 z
575 4883 665 4939 Nemo
686 4881 804 4939 videbit.
831 4883 962 4956 Denique
987 4888 1019 4941 ut
1073 4903 1140 4943 nem
1156 4883 1247 4953 illam,
1268 4881 1517 4958 magnificentiam
1543 4880 1636 4950 illem,
1653 4880 1792 4946 virtutem
1805 4876 1886 4942 illam.

193 4975 514 5038 evidenterostenderet
523 4971 665 5028 visionem
674 4969 724 5027 Dei
735 4988 792 5028 non
807 4976 942 5045 negatam
954 4991 1020 5032 san·
1073 4973 1234 5031 claritatem
1249 4971 1340 5040 illam,
1356 4971 1541 5043 majestatem
1558 4969 1649 5038 illam,
1663 4967 1764 5042 qualis
1776 4983 1824 5044 par
1835 4977 1889 5026 0111·

194 5049 248 5124 ctis
263 5065 443 5134 hominibus,
456 5064 506 5120 sed
520 5062 650 5130 dilatam,
663 5059 781 5133 quadiu
797 5060 932 5133 presenti
945 5065 1019 5120 tem.
1073 5065 1121 5120 nia
1138 5063 1187 5131 sit,
1199 5061 1279 5118 nulla
1292 5078 1347 5118 vox
1357 5060 1512 5116 hominum
1523 5059 1617 5120 dicere
1627 5052 1724 5132 potnit
1734 5053 1887 5132 estpotest-

194 5149 1019 5230 porcaegavit,infuturopromisit,dicens:Beatirnundc
1072 5153 1164 5227 (loun.
1182 5151 1289 5223 Chrys.)
1306 5149 1496 5206 Conferamus
1507 5148 1654 5214 oculosad
1668 5147 1753 5204 illurn
1769 5147 1888 5210 montem

192 5244 278 5302 corde
291 5244 426 5316 quopiam
441 5243 497 5312 ipsi
513 5247 603 5298 Deum
624 5240 756 5296 videbunt
772 5241 881 5308 (Maec.
897 5242 936 5308 v).
961 5242 1018 5299 Nec
1071 5241 1102 5298 in
1124 5258 1182 5314 quo
1207 5239 1433 5296 transformatus
1456 5241 1501 5294 est
1524 5237 1669 5304 chriptus,
1696 5240 1726 5292 ct
1748 5233 1890 5301 videamus

193 5333 240 5412 bio
256 5331 338 5400 dixit,
353 5330 496 5396 Quoniam
511 5331 566 5404 ipsi
581 5328 798 5400 Derimvidcut.
821 5328 914 5400 Igitur
929 5330 1016 5400 Deus,
1072 5329 1256 5404 splendorem
1273 5329 1347 5400 ejus,
1364 5326 1449 5384 illum
1474 5343 1533 5402 quo
1555 5332 1626 5383 tunc
1642 5320 1888 5398 transformatione
2005 5395 2006 5408 1

194 5422 290 5498 quiin
306 5419 511 5478 haccitasine
527 5418 651 5489 alicujus
669 5415 801 5472 alimenti
817 5419 1019 5492 assumptione
1071 5417 1261 5492 resplenduit,
1279 5433 1331 5473 uec
1347 5416 1388 5473 sic
1409 5416 1528 5490 quidem
1553 5417 1735 5476 inveniemus
1759 5412 1889 5468 cunctam
2005 5459 2006 5480 ,

193 5529 247 5574 uec
261 5508 356 5586 potuit
367 5506 459 5565 videri
471 5524 523 5564 uec
540 5511 646 5580 potest,
658 5505 689 5562 iu
701 5505 1019 5568 saturavitavidendus
1073 5507 1158 5566 nobis
1173 5505 1253 5564 illius
1269 5503 1429 5562 claritatem
1446 5505 1597 5580 futurique
1607 5503 1706 5566 saculi
1716 5499 1829 5578 gloriam
1839 5508 1892 5592 lif·

193 5585 247 5664 est.
260 5600 303 5659 lbi
317 5605 362 5658 cst
377 5595 632 5670 contemplationis
647 5594 749 5650 divina
765 5597 911 5668 speranda
925 5599 1018 5670 perfc-
1073 5599 1219 5656 [cinctam.
1235 5593 1288 5656 llla
1307 5593 1385 5650 enim
1411 5595 1630 5652 transformatio
1648 5594 1720 5664 facta
1735 5593 1777 5646 cst
1790 5601 1840 5641 uon
1852 5596 1889 5638 in

192 5693 260 5782 ctio,
277 5691 327 5770 ubi
342 5690 399 5754 erit
412 5689 556 5754 honorum
580 5684 713 5744 omnium
727 5683 889 5762 plenitudo.
908 5687 940 5746 Et
954 5687 1019 5752 ideo
1073 5690 1216 5769 quantum
1237 5685 1382 5746 honorum
1402 5683 1569 5746 futurorum
1593 5685 1699 5746 veritas
1722 5677 1811 5748 hebet,
1832 5669 1893 5734 aad
