4018 6178
154 325 205 426 'rs
447 357 651 420 sarnatus
674 354 947 418 uiosoasmn.
970 351 1092 414 naiso.
1114 349 1201 412 orn.
1224 349 1324 412 osas
1347 349 1436 410 u.-
1452 347 1587 411 nonin.
1740 375 1742 379 ,
1833 350 1871 409 ιι

166 491 284 548 Domini
299 490 329 546 in
345 505 432 562 carne
447 490 620 546 inventurus
635 491 689 556 est,
706 488 754 545 his
777 486 870 562 signis
891 501 989 559 regem
1002 485 1030 554 A
1045 487 1173 540 mentem
1190 481 1369 552 inhabitans,
1382 481 1417 540 ad
1433 480 1574 538 visionem
1590 479 1698 538 intime
1714 478 1795 553 pacis
1805 495 1872 539 eam

165 586 296 640 vestrum
313 579 497 654 cognoscite:
510 579 581 636 Cum
598 578 729 636 videritis
744 595 810 634 eum
826 576 989 633 venientem
1046 574 1183 644 ardenter
1198 571 1335 628 festinare
1351 571 1444 628 docet.
1459 569 1539 636 Quod
1555 570 1628 627 hene
1644 570 1673 626 in
1689 587 1773 626 sacra
1787 587 1873 653 vers·

166 673 366 738 mansuetum,
382 687 440 726 non
456 669 685 742 superbum,sed
700 667 841 724 humilem
854 685 861 722 :
874 682 931 722 non
948 681 991 722 ar-
1045 661 1131 734 cique
1146 659 1269 717 historia
1284 660 1418 735 signatur
1430 660 1529 730 (rose.
1545 661 1575 733 r),
1587 677 1655 716 eum
1670 657 1807 732 Achsam,
1820 659 1877 722 Ca·

166 755 990 831 morumspleudoretcrrihilcm,utquondamaduestram
1044 749 1092 807 leb
1108 749 1177 820 filia,
1195 767 1284 822 super
1298 748 1411 806 asinam
1427 749 1542 818 sedens,
1559 747 1725 822 suspirasse
1740 747 1848 823 legitur
1865 766 1873 804 :

165 841 393 904 destructionem
409 846 678 904 Nabuchodonosor
692 851 721 902 et
734 843 894 900 Antiochus
909 859 991 901 vene
1046 839 1129 914 quasi
1140 838 1219 898 enim
1228 839 1356 896 Acbsam
1367 837 1452 895 Caleh
1464 838 1524 896 fiiis
1534 839 1650 895 asinam
1661 837 1767 895 sedens
1777 838 1877 912 suspi-

165 939 244 1004 runt,
260 935 311 992 scd
326 936 362 991 ad
377 935 622 992 restaurationem
638 953 645 992 ι
663 951 720 992 non
737 934 886 991 sedentem
903 947 991 1006 super
1046 933 1100 997 rat,
1118 924 1235 1002 quaudo
1260 945 1344 984 mens
1366 927 1509 1002 simplicis
1531 927 1586 984 viri
1601 944 1653 1001 pro
1669 926 1795 984 coelestis
1809 927 1877 984 vita

164 1039 322 1100 spumeum
337 1041 446 1098 equum
462 1024 612 1082 discordiae
628 1029 799 1097 amatorem,
814 1023 864 1096 qui
880 1020 992 1096 ungula
1045 1017 1190 1074 desiderio
1207 1017 1384 1091 ingemiseit.
1400 1015 1517 1073 Domini
1528 1017 1695 1088 jhssionem
1711 1015 1879 1073 obedientia

165 1117 273 1171 terram
289 1112 425 1182 radiabat
438 1113 539 1186 procul
556 1113 693 1169 odoretur
707 1111 886 1182 bellum,sed
902 1125 991 1184 super
1045 1111 1146 1164 secuta
1159 1111 1203 1164 est
1218 1106 1428 1180 apostolorum.
1446 1106 1528 1164 Unde
1544 1109 1573 1163 et
1587 1105 1747 1164 subditur:

166 1203 279 1260 asinam
285 1201 507 1276 pacisamicaru‚
514 1200 557 1258 vel
566 1217 653 1275 super
662 1200 775 1276 pullum
783 1200 877 1256 filium
884 1201 989 1256 asinae:
1081 1221 1094 1246 o
1112 1197 1220 1252 Euntcs
1235 1199 1333 1252 autem
1345 1195 1492 1269 discipuli,
1503 1195 1634 1252 lecerunt
1644 1195 1721 1250 sicut
1736 1195 1874 1268 precepit

165 1309 223 1348 uon
239 1295 271 1348 ut
286 1289 398 1368 auferat
413 1308 430 1347 a
446 1295 472 1347 te
488 1290 647 1364 temporale
659 1307 782 1364 regnum
798 1292 885 1362 atque
902 1294 990 1344 terre·
1046 1309 1059 1336 s
1077 1285 1120 1342 eis
1134 1285 1221 1343 Jcsus
1236 1289 1263 1344 et
1278 1285 1462 1342 adduxeruut
1477 1283 1590 1342 asinam
1602 1289 1630 1341 et
1641 1283 1766 1358 pullum.
1778 1307 1793 1336 s
1804 1283 1872 1341 Jam

164 1393 247 1450 num,
263 1380 313 1436 sed
341 1379 493 1434 conferens
507 1377 571 1448 tibi,
591 1377 614 1434 si
639 1377 808 1447 credideris,
832 1375 947 1434 coeleste
962 1381 991 1433 et
1045 1373 1182 1448 superius
1196 1391 1248 1448 per
1262 1375 1375 1431 asinam
1391 1378 1419 1431 et
1433 1372 1547 1447 pullum
1558 1379 1718 1448 utrumque
1728 1373 1873 1447 populum

164 1467 375 1540 sempiternum
393 1483 400 1522 :
417 1484 475 1522 non
493 1461 629 1522 dt'duest
644 1470 671 1521 te
694 1463 724 1520 iu
741 1468 849 1522 terram
865 1464 990 1521 alienam
1046 1463 1174 1520 diximus
1190 1463 1320 1538 figurari,
1344 1463 1512 1520 Juoaeorum
1538 1459 1650 1520 seilicet
1673 1467 1701 1519 et
1725 1463 1872 1536 gentium.

163 1556 303 1625 vinctum,
316 1556 367 1612 sed
383 1559 416 1610 ut
431 1554 569 1610 restituat
581 1554 612 1609 in
629 1553 746 1628 propria
761 1553 897 1611 liberum.
909 1553 990 1618 Quod
1045 1551 1133 1617 Quasi
1144 1552 1448 1627 orgomissidiscipuli
1459 1553 1573 1610 asinam
1584 1553 1875 1626 adduxeruntquan-

164 1649 261 1702 sutem
278 1645 327 1712 ait,
344 1667 358 1693 ι
376 1647 454 1712 tuus,
473 1663 488 1691 a
504 1639 563 1697 tale
586 1644 631 1698 est
652 1659 685 1696 ac
709 1641 734 1697 si
750 1641 860 1698 diceret
876 1659 882 1697 :
898 1641 989 1712 Tuus,
1046 1643 1082 1699 do
1099 1641 1257 1699 nonnullos
1281 1659 1315 1698 ex
1330 1642 1484 1716 Synagoga
1498 1641 1534 1698 ad
1551 1641 1638 1698 fidem
1655 1639 1760 1698 Christi
1776 1643 1874 1698 uenire

163 1735 296 1807 inquom,
311 1749 369 1788 noo
386 1731 512 1798 alienus,
524 1745 582 1787 non
598 1733 764 1800 extraneus,
781 1730 989 1812 seduproprius,
1046 1729 1272 1801 lecerunt,sicut
1283 1729 1655 1804 indutibusapostolorum
1666 1729 1877 1806 legimus,quia

163 1839 198 1880 ex
211 1827 239 1880 te
255 1826 352 1890 natus,
369 1824 397 1878 et
411 1821 441 1875 in
457 1823 484 1876 te
509 1819 649 1890 nutritus,
666 1823 695 1876 et
715 1821 752 1876 ad
767 1824 848 1876 tuam
864 1821 989 1877 salutem
1046 1820 1221 1894 praedicante
1236 1820 1331 1894 Petro,
1348 1837 1407 1878 uua
1423 1821 1469 1876 die
1494 1819 1681 1878 crediderunt
1699 1819 1756 1878 tria
1771 1817 1874 1884 millis,

162 1910 378 1978 veniensouod
393 1925 460 1966 vero
476 1907 676 1983 subjungitur,
691 1934 704 1959 α
720 1914 902 1976 mansuetus,
917 1931 930 1960 s
942 1925 990 1964 os·
1045 1913 1074 1966 et
1089 1909 1180 1966 alters
1195 1910 1241 1966 die
1256 1909 1443 1966 erediderunt
1454 1907 1584 1982 quinque
1600 1905 1693 1966 millia
1706 1907 1874 1980 hominum,

162 1999 257 2056 tendit
272 2015 356 2056 suam
371 1999 629 2056 mansuetudinem
645 2015 703 2054 non
720 1997 814 2054 solum
838 1997 867 2052 in
882 1997 989 2069 verbis,
1045 1987 1074 2055 et
1088 1997 1182 2056 multo
1196 1999 1283 2056 turba
1299 1999 1484 2056 sacerdotum
1500 1998 1675 2055 obediebant
1690 1997 1768 2054 fidei.
1784 1985 1873 2065 Quasi

163 2088 215 2146 sed
225 2087 315 2145 etism
327 2087 357 2146 in
367 2087 516 2161 subjugali
528 2086 668 2144 sessione.
677 2086 852 2161 Spiritaliter
862 2103 990 2160 namque
1044 2103 1110 2144 vero
1126 2088 1310 2145 adduxerunt
1325 2091 1353 2145 et
1368 2087 1492 2162 pullum,
1501 2088 1619 2160 quando
1630 2085 1689 2144 iliis
1700 2085 1827 2146 maxima
1837 2105 1872 2145 ex

164 2175 245 2247 Sion,
256 2193 319 2250 quae
333 2177 481 2250 speculatio
496 2176 715 2250 interpretatur,
725 2175 883 2232 Ecclesiam
899 2175 989 2249 signi·
1044 2181 1127 2250 porte
1141 2195 1198 2234 nou
1214 2177 1412 2245 credentibus,
1424 2175 1545 2250 proiecti
1559 2177 1790 2250 predicaverunt
1805 2177 1869 2234 ubi·

164 2265 315 2340 dicatque
331 2266 441 2323 mundo
457 2266 541 2322 corde
552 2265 682 2338 quotidie
696 2264 911 2338 contemplatur
921 2281 989 2320 eum
1044 2283 1112 2338 que,
1128 2265 1251 2323 Domino
1268 2269 1441 2339 cooperante
1456 2270 1485 2322 ot
1500 2282 1666 2324 sermonem
1678 2255 1870 2324 confirmante

164 2356 214 2429 qui
225 2355 313 2412 dixit:
324 2379 338 2407 ι
349 2357 409 2430 Ego
420 2354 596 2430 principium
608 2355 658 2426 qui
669 2360 697 2412 et
707 2355 811 2427 loquor
824 2353 907 2411 vobis
919 2373 947 2424 »;
961 2357 990 2409 et
1044 2356 1234 2428 sequentibus
1250 2355 1352 2430 signis.
1369 2355 1425 2412 Sed
1442 2353 1511 2428 quis
1526 2355 1596 2412 ordo
1611 2354 1751 2413 orationis
1775 2355 1870 2429 poscit

163 2443 613 2518 iterumz'ollgosumluxmondi
625 2443 790 2516 (doceam).
803 2465 817 2493 »
828 2475 862 2483 -
875 2441 990 2499 «Dicite
1044 2447 1076 2500 ut
1090 2443 1172 2518 prius
1187 2444 1351 2502 instruatur
1366 2443 1453 2502 homo
1468 2445 1497 2500 in
1513 2445 1580 2514 fide,
1598 2460 1630 2501 sc
1655 2443 1758 2501 deinde
1774 2445 1867 2502 Deum

164 2551 232 2608 ergo
243 2535 308 2590 tiliae
319 2532 401 2603 Sion,
414 2557 425 2586 ι
440 2533 469 2588 id
479 2537 523 2589 est
534 2533 669 2589 Ecclesia
681 2550 688 2588 :
700 2555 714 2582 ι
727 2533 935 2589 Eceerextuus
945 2548 990 2588 re·
1043 2549 1188 2590 sessorem
1204 2534 1311 2591 habere
1326 2533 1429 2607 possit,
1447 2539 1523 2591 reete
1539 2533 1729 2608 subjungitur
1747 2551 1754 2592 :

164 2624 208 2679 nit
219 2623 324 2680 sedens
334 2630 423 2696 super
435 2621 549 2678 asinam
561 2625 588 2677 et
599 2621 724 2694 pullum,
736 2643 749 2672 ι
766 2621 796 2677 id
811 2624 856 2676 est
869 2637 925 2676 non
938 2637 988 2677 su·
1080 2644 1094 2675 a
1109 2623 1144 2679 ut
1158 2623 1363 2696 imposuerunt
1378 2639 1547 2696 supereum
1571 2622 1745 2680 vestimenta
1760 2640 1824 2693 sua,
1840 2629 1868 2682 et

162 2711 389 2786 perborum,setl
405 2710 563 2767 humilium
579 2715 692 2767 tuentes
701 2709 880 2778 inhabitans,
888 2716 920 2764 ut
930 2709 988 2765 dis·
1044 2733 1058 2762 u
1074 2728 1141 2768 sum
1157 2712 1282 2786 desuper
1297 2713 1397 2770 sedere
1413 2711 1554 2770 iecerunt,
1571 2735 1584 2764 o
1601 2711 1782 2769 Vestimenta
1796 2730 1869 2787 apo·

162 2797 988 2876 casabeoquimitisestethumiliseorde:quiaquihujus
1043 2790 1184 2857 stolorum
1199 2815 1301 2858 eorum
1317 2800 1479 2858 doctrinam
1502 2799 1679 2875 significant.
1696 2799 1783 2866 Quasi
1799 2818 1868 2878 ergo

162 2891 239 2965 regis
264 2889 346 2964 regni
369 2889 515 2963 particeps
534 2905 599 2946 esse
624 2888 781 2956 desiderat,
798 2904 917 2944 neeesse
932 2889 986 2956 cst,
1027 2885 1131 2961 ¹super
1146 2886 1261 2944 asinam
1276 2893 1305 2945 et
1328 2886 1442 2962 pullum
1457 2885 1631 2944 vestimenta
1644 2904 1699 2944 sua
1716 2887 1868 2960 imposue-

163 2985 195 3036 ut
205 2977 326 3035 humilis
338 2978 411 3036 sitet
421 2981 667 3049 mansuetusque
678 2977 802 3034 reddens
814 2975 925 3033 mulum
936 2994 988 3050 pro
1042 2981 1161 3046 runt,ut
1175 2977 1262 3034 iesus
1279 2975 1398 3034 mollius
1408 2976 1531 3052 sederet,
1542 2977 1659 3049 quando
1670 2993 1724 3034 sua
1734 2977 1869 3036 doctrina

162 3067 250 3138 malo,
268 3083 320 3124 nee
335 3067 524 3124 maledictum
541 3085 593 3141 pro
612 3067 777 3138 maledicto,
793 3069 827 3123 ut
840 3066 870 3122 in
885 3083 987 3123 eorum
1042 3067 1129 3124 eorda
1144 3067 1296 3124 hominum
1308 3067 1520 3130 instruxerunt,
1529 3070 1562 3122 ut
1571 3070 1661 3122 Deum
1672 3063 1866 3124 habitatorem

163 3173 286 3214 numero
296 3156 458 3230 computari
470 3157 616 3230 possit,de
628 3157 737 3230 quihus
748 3156 872 3213 dicitur:
884 3179 898 3207 o
909 3157 987 3213 blan·
1041 3155 1150 3212 habere
1164 3159 1292 3229 possent.
1312 3153 1456 3220 Ouaeritur
1476 3159 1574 3212 autem
1597 3155 1744 3228 quomodo
1761 3155 1790 3211 iu
1806 3159 1867 3212 tam

163 3248 238 3305 sueti
252 3245 466 3304 hereditabunt
479 3251 598 3313 terram,
607 3251 634 3300 et
644 3243 851 3301 inhabitabunt
860 3245 890 3320 in
899 3263 987 3302 saecu·
1002 3235 1023 3302 G
1042 3243 1121 3300 brevi
1138 3245 1232 3318 spatio
1242 3245 1356 3302 itineris
1368 3259 1457 3317 super
1468 3249 1625 3317 utrumque
1635 3241 1745 3301 animal
1756 3244 1868 3304 sedisse

163 3337 225 3394 lum
241 3336 339 3392 saeculi
355 3351 521 3406 supeream
545 3335 630 3406 (Psoi.
650 3333 756 3405 xxxvi).
775 3356 788 3383 »
804 3333 961 3390 utiterum
979 3351 985 3389 :
1042 3333 1166 3390 dicitur:
1184 3332 1209 3390 si
1224 3333 1302 3391 enim
1319 3350 1408 3406 super
1421 3333 1534 3392 asinam
1550 3333 1634 3400 sedit,
1642 3331 1741 3407 pullus
1756 3335 1868 3408 absque

165 3423 275 3482 «Beati
299 3424 396 3490 mites,
421 3423 560 3494 quoniam
586 3422 643 3494 ipsi
665 3422 859 3494 possidebunt
878 3427 987 3478 terram
1042 3439 1156 3479 sessore
1180 3421 1235 3479 suit
1252 3441 1259 3480 ι
1276 3423 1301 3480 si
1325 3428 1424 3480 autem
1446 3440 1535 3497 super
1556 3423 1669 3496 pullum
1695 3425 1783 3496 (quod
1800 3423 1867 3498 plus

164 3513 267 3583 (hauh.
284 3511 321 3586 v).
339 3534 353 3564 o
369 3511 541 3568 Mansuetus
556 3514 654 3566 autem
671 3528 730 3579 rex,
743 3515 911 3568 mansuetos
927 3511 988 3568 vult
1042 3512 1190 3586 competit)
1202 3513 1286 3579 sedit,
1294 3513 1378 3569 asino
1392 3531 1409 3569 a
1424 3529 1538 3570 sessore
1553 3511 1646 3569 libera
1656 3513 1775 3570 mansit.
1785 3501 1866 3580 Onod

163 3599 270 3657 habere
281 3599 580 3672 subditos,sicutipse
592 3599 678 3655 dicit:
691 3623 705 3650 a
717 3599 850 3657 Discites
861 3617 907 3656 me
918 3599 987 3674 quia
1042 3601 1104 3658 lieri
1120 3605 1226 3675 potest,
1242 3607 1276 3658 ut
1291 3601 1372 3676 prius
1388 3618 1476 3674 super
1499 3600 1613 3660 asinam
1628 3601 1745 3670 sederit,
1762 3601 1867 3660 deinde

163 3690 244 3747 mitis
259 3707 326 3746 sum
343 3695 371 3746 et
386 3688 508 3744 humilis
523 3689 619 3756 corde,
637 3693 666 3745 et
680 3687 834 3746 invenietis
855 3689 986 3762 requiem
1041 3690 1250 3764 Hierosolymis
1266 3692 1517 3765 appropinquans,
1533 3690 1629 3747 turbis
1650 3691 1707 3748 sibi
1723 3687 1866 3748 obvianti-

78 3779 81 3791 '
162 3778 318 3837 animabus
333 3778 436 3835 vestris
449 3777 550 3851 (lietth.
566 3778 617 3851 ιιι).
631 3779 764 3835 »Asinus
779 3778 857 3836 enim
872 3779 902 3835 in
914 3778 985 3836 Seri·
1040 3779 1328 3854 bus,superaselium
1339 3778 1867 3847 sederevoluerit,sieutdicitloanues

111 3858 114 3868 ¹
160 3867 256 3942 pturis
282 3879 335 3924 nec
359 3883 475 3941 semper
497 3865 527 3922 iu
551 3867 638 3935 malo,
661 3884 713 3924 uec
735 3884 850 3941 semper
864 3867 893 3924 iu
910 3867 986 3926 beno
1040 3867 1265 3942 evangelistam<
1282 3869 1531 3943 appropinquans
1545 3869 1633 3926 lesus
1648 3867 1865 3942 Hierosolymis,

159 3957 289 4031 ponitur,
305 3957 355 4014 sed
371 3955 530 4028 aliquando
554 3956 703 4013 asinorum
720 3957 849 4025 nomine,
865 3956 986 4014 fatuitas
1040 3957 1150 4014 invenit
1164 3956 1288 4016 asellum
1304 3964 1333 4014 et
1345 3957 1421 4014 sedit
1431 3975 1521 4031 super
1535 3974 1637 4016 eum.»
1649 3957 1865 4030 Sedjuxtsspi-

160 4046 316 4104 stultorum
333 4044 693 4118 significator‚aliquando
707 4043 918 4101 luxuriantium
935 4063 984 4118 pe·
1040 4046 1175 4104 ritualem
1202 4045 1425 4121 intelligentiam
1448 4049 1492 4120 (ut
1515 4045 1764 4120 supradiximus)
1787 4052 1868 4119 patet

159 4135 296 4206 tutantia,
312 4133 470 4207 aliquando
492 4132 665 4206 simplicitas
680 4133 734 4188 viri
753 4132 837 4204 justi.
856 4135 984 4191 Fatuitas
1039 4153 1143 4192 sensus
1155 4135 1224 4209 quis
1234 4153 1323 4210 super
1335 4139 1494 4208 utrumque
1505 4135 1613 4192 animal
1626 4135 1737 4192 sedisse
1748 4133 1865 4204 dicitur,

158 4224 327 4292 stultorum,
340 4224 417 4281 sicut
439 4223 581 4295 scriptum
606 4228 650 4278 est
673 4223 761 4293 (Dect.
777 4226 847 4293 xxu)
866 4241 871 4278 :
890 4247 903 4274 a
921 4225 983 4280 Non
1039 4224 1177 4298 quoniam
1193 4243 1227 4282 cx
1242 4230 1366 4298 utroque
1379 4221 1485 4298 populo
1502 4223 1659 4281 nonnullos
1674 4223 1711 4280 ad
1727 4241 1812 4280 suum
1830 4223 1866 4278 fi-

157 4317 255 4374 arubis
270 4315 300 4373 in
315 4316 387 4372 bove
405 4313 493 4372 simul
509 4317 537 4369 ot
552 4311 645 4381 asino,
663 4337 676 4364 a
693 4312 781 4370 idest
796 4312 920 4369 stultum
936 4331 983 4371 sa·
1039 4315 1105 4370 dem
1120 4314 1241 4370 vocavit.

157 4405 248 4479 pienti
273 4405 303 4461 in
330 4402 535 4478 predicatione
559 4419 617 4458 non
640 4401 742 4458 socies.
760 4402 982 4459 Luxuriantium
1075 4401 1336 4459 «Plurimoautcm
1347 4403 1434 4458 turba
1448 4405 1614 4459 straverunt
1625 4401 1800 4459 vestimenta
1810 4419 1865 4458 sua

158 4493 331 4570 petulantia,
354 4494 430 4550 sicut
458 4509 509 4566 por
534 4491 707 4565 prophetam
737 4490 846 4546 dicitur
870 4491 980 4564 (isaach.
1038 4517 1050 4544 o
1069 4492 1097 4548 in
1114 4491 1168 4548 via
1186 4491 1239 4548 Alii
1258 4496 1355 4548 autem
1370 4492 1521 4548 caedebant
1536 4509 1632 4548 ramos
1648 4491 1683 4548 de
1696 4491 1863 4560 arboribus,

157 4588 238 4650 xxiii)
253 4599 259 4636 :
277 4604 290 4632 a
307 4583 437 4646 Quorum
453 4597 556 4637 carnes
572 4585 642 4637 sont
656 4583 688 4635 ut
702 4593 804 4635 carnes
820 4579 981 4650 asinorum,
996 4605 1020 4672 D
1037 4605 1051 4633 a
1067 4586 1096 4638 et
1111 4579 1280 4638 sternebant
1295 4579 1325 4636 iu
1341 4580 1396 4638 vie.
1409 4581 1513 4638 Turbae
1525 4587 1623 4638 sutem
1640 4597 1704 4654 quae
1719 4580 1864 4654 praeedo-

143 4675 186 4729 ·et
200 4670 296 4727 llirx'us
311 4686 411 4726 eorum
428 4673 459 4725 ut
484 4669 579 4726 ssuxus
603 4685 785 4742 equorum.»
803 4667 982 4742 Simplicitas
1037 4695 1050 4722 o
1068 4671 1140 4726 bant
1162 4675 1191 4725 et
1209 4687 1273 4743 qus
1287 4671 1495 4742 sequebantur,
1512 4668 1690 4738 clamabant,
1708 4667 1862 4726 dicentes:

157 4759 210 4816 viri
227 4758 399 4827 innocentis,
410 4758 486 4815 sicut
499 4775 551 4832 per
565 4757 671 4815 lsaiam
687 4757 860 4830 prophetam
875 4759 983 4816 dieitur
1037 4782 1051 4810 o
1068 4759 1206 4815 Hossuna
1229 4759 1289 4816 lilio
1305 4759 1405 4828 David,
1422 4759 1593 4816 benedictus
1607 4761 1656 4832 qui
1671 4757 1751 4815 venit
1766 4758 1795 4812 in
1809 4773 1865 4812 no-

157 4851 223 4923 (lso.
246 4851 335 4910 mxxii)
353 4865 359 4903 :
377 4873 390 4899 u
409 4849 488 4905 Beati
513 4849 576 4921 qui·
589 4847 743 4904 seminatis
768 4863 857 4920 super
880 4865 982 4904 omnes
1037 4872 1050 4899 o
1069 4849 1148 4905 mine
1163 4848 1289 4906 Domini.
1309 4871 1322 4900 a
1339 4846 1591 4905 Considerandum
1611 4852 1656 4904 est
1669 4847 1700 4903 in
1721 4847 1776 4904 boe
1800 4844 1864 4902 loco

156 4955 260 5012 aquas,
276 4936 466 4992 immittentes
480 4938 583 5009 pedem
600 4937 681 4994 botris
696 4942 725 4993 et
740 4935 826 4994 asini.
840 4959 853 4986 ι»
864 4937 938 5010 Ergo
951 4935 981 4993 in
1032 4940 1118 5012 justa
1125 4937 1256 4996 ordinem
1266 4935 1603 5012 personarum,qualitas
1613 4937 1801 4993 meritorum:
1814 4935 1864 4990 alii

156 5029 211 5084 hoc
222 5027 285 5082 loco
301 5025 384 5082 asina
397 5023 440 5079 rel
457 5025 567 5096 pullus,
576 5028 625 5098 qui
637 5027 672 5083 ad
685 5027 847 5083 sedendum
857 5025 981 5084 Domino
1036 5045 1125 5100 super
1139 5029 1252 5086 asinam
1268 5027 1443 5082 vestimenta
1457 5041 1512 5082 sua
1525 5025 1716 5099 imponebant
1731 5031 1763 5082 ut
1776 5025 1864 5084 Jesus

156 5116 353 5183 adducuntur,
370 5111 534 5186 simplicem
549 5113 592 5168 rol
609 5116 792 5172 innocentem
815 5115 982 5190 significant
1035 5116 1154 5175 mollius
1170 5119 1283 5176 sederet
1300 5131 1306 5169 :
1323 5111 1372 5168 alii
1387 5113 1561 5170 vestimenta
1575 5133 1630 5172 sua
1645 5114 1814 5170 sternebant
1832 5111 1863 5170 in

156 5201 531 5262 animamilominuseuim
545 5207 755 5274 superosiuam
767 5207 979 5277 sedet,quaudo
1034 5207 1090 5275 vis,
1106 5225 1142 5264 ne
1158 5225 1209 5282 pes
1224 5205 1314 5262 asinas
1330 5201 1505 5277 impingeret
1522 5221 1527 5260 :
1545 5204 1595 5260 alii
1611 5221 1709 5261 ramos
1725 5204 1760 5260 de
1774 5201 1863 5259 arho-

155 5292 320 5367 simplicem
330 5289 698 5358 mentemiuhabitat,sicut
707 5295 743 5351 ab
754 5312 787 5351 eo
800 5312 850 5368 per
858 5295 980 5368 prophe·
1034 5295 1117 5354 ribus
1132 5295 1161 5351 iu
1176 5295 1222 5351 via
1232 5290 1411 5364 sternebant,
1424 5295 1456 5348 ut
1471 5292 1526 5350 iter
1537 5293 1624 5350 asinas
1638 5293 1759 5367 planum
1771 5295 1799 5348 et
1808 5291 1860 5346 de-

154 5379 977 5456 tamdicitur:«SuperquemrequiescetSpiritosmeus,
1034 5404 1134 5443 corum
1158 5382 1333 5439 redderent:
1351 5385 1380 5437 et
1403 5381 1454 5455 qui
1477 5382 1602 5440 vicinius
1627 5381 1861 5458 appropinquare

92 5539 94 5550 Ι
156 5472 213 5530 nisi
227 5489 316 5548 super
330 5470 473 5528 humilem
489 5475 518 5526 et
532 5469 675 5543 quietum,
687 5473 715 5524 et
729 5474 901 5531 trementem
917 5491 978 5531 ser·
1034 5474 1205 5549 nequibant,
1230 5473 1385 5544 sequentes
1407 5469 1574 5530 clamabant
1591 5487 1598 5530 ε
1615 5497 1629 5524 o
1645 5471 1784 5530 llosanue
1798 5459 1861 5526 filio

115 5583 123 5598 ·
156 5577 259 5618 mones
275 5561 379 5618 meos?
394 5585 408 5613 a
424 5561 487 5636 tlte·
510 5559 595 5634 exit)
622 5557 709 5624 Quasi
733 5557 820 5615 enim
835 5563 977 5622 Dominus
1033 5562 1134 5630 David,
1147 5580 1160 5611 s
1176 5557 1293 5627 etc.Qui
1307 5575 1376 5634 ergo
1391 5547 1565 5618 vestimenta
1576 5578 1631 5620 sua
1646 5577 1734 5635 super
1746 5557 1861 5619 asinam

155 5650 280 5733 asellum
294 5650 399 5711 sedens
413 5648 576 5711 Jerusalem
593 5646 696 5721 tendit,
721 5661 787 5706 eum
813 5649 975 5724 simplicem
1032 5647 1393 5728 imposueruntapostcli
1416 5649 1545 5723 luerunt,
1568 5651 1638 5725 quia
1652 5649 1786 5709 doctriua
1801 5665 1856 5711 sue
