3872 6168
188 357 247 422 tet
468 357 672 423 elluatus
693 355 962 420 extremiscat.
985 347 1107 414 spise.
1130 349 1216 412 Ol‘P.
1238 348 1340 410 raus
1363 347 1402 410 ll.
1419 381 1458 392 —
1474 345 1606 410 uouit.
1801 351 1846 412 lbl

185 490 323 567 egregius
345 491 469 550 formam
490 492 612 550 docendi
634 491 788 549 aDomino
812 503 945 554 sumena,
968 485 1010 542 ita
1022 484 1051 551 A
1102 505 1116 534 ιι
1131 481 1257 556 Surgite,
1273 497 1383 538 marus.
1394 482 1466 538 Dece
1478 480 1528 554 qui
1544 495 1588 538 me
1597 483 1693 552 tradet,
1706 496 1781 560 propo
1789 493 1847 547 estc

188 595 259 640 suos
288 581 437 638 auditores
460 580 641 654 alloquitur:
666 603 680 632 ιι
695 577 854 652 accepistis
877 577 1013 649 spiritum
1070 572 1319 644 Postquamtertio
1330 571 1698 643 oraveratetapostolorum
1710 582 1848 648 sequentem

186 667 351 742 adeptionis
375 669 515 734 tiliorum,
531 669 561 725 in
576 686 634 742 quo
649 667 813 725 clamamus
827 666 908 722 Abba
930 665 1015 720 Pater
1067 661 1203 718 timorem
1219 661 1389 734 peonitentia
1403 660 1605 734 impetraverat
1618 661 1851 734 corrigendumaa·

187 762 274 830 (Rom.
289 759 360 831 vrri).
378 781 392 808 »
406 760 488 816 Abba
502 759 642 815 nimirum
659 757 712 824 illi,
731 757 781 830 qui
797 757 833 812 de
857 755 1013 812 israelitico
1068 766 1157 806 curus
1180 750 1215 806 de
1244 748 1379 822 passione
1393 767 1449 806 sua
1464 747 1558 821 pergit
1576 749 1610 805 ad
1636 756 1819 821 persecutores,
1831 761 1852 811 rt

187 849 310 923 popule:
327 865 381 906 nos
392 849 488 916 Pater,
500 848 550 920 qui
562 849 597 902 de
613 847 750 920 gentibus
760 846 797 903 ad
808 846 894 902 sidem
906 845 1013 901 Christi
1068 837 1144 895 ultro
1156 855 1186 895 se
1197 838 1432 895 interficiendum
1446 839 1564 911 prebet,
1578 837 1704 910 dixitque
1715 840 1851 914 discipulis:

185 937 333 996 venimus,
1069 949 1083 977 ιι
1100 927 1225 1000 Surgite,
1243 944 1355 983 eamus.
1371 927 1443 983 Ecce
1459 927 1509 998 qui
1525 944 1572 982 me
1582 927 1683 994 tradet,
1699 943 1777 1000 prope
1788 937 1853 988 csta

222 1049 237 1078 ιι
248 1027 283 1084 Dt
297 1023 792 1094 veuit,etinvaniteosdormientes.
804 1023 839 1079 ut
853 1021 893 1079 ait
907 1023 990 1078 Petro
1005 1039 1012 1078 :
1069 1016 1131 1072 Non
1145 1033 1197 1072 vos
1219 1016 1349 1072 inveniat
1374 1016 1459 1088 quasi
1479 1016 1617 1071 timentes
1639 1023 1667 1072 et
1688 1022 1855 1089 retractantes,

188 1137 202 1166 ιι
216 1109 1014 1185 Simon,dormislNonpotuistiunuhoravigilarei«llle
1069 1104 1145 1163 ultro
1161 1105 1361 1178 pergamusad
1372 1109 1505 1173 mortem,
1518 1104 1856 1181 uteonssdentiam,etgau-
1876 1109 1880 1116 '

188 1202 239 1276 qui
254 1202 488 1274 supradixerat:
509 1223 523 1252 ιι
539 1203 574 1258 m
589 1201 614 1257 ai
630 1217 732 1256 omues
747 1201 934 1257 scandalizati
950 1201 1014 1254 lue·
1069 1193 1151 1250 dium
1163 1194 1278 1267 passuri
1294 1193 1421 1250 videant.

89 1315 94 1320 ·
188 1290 257 1357 rint,
282 1307 334 1365 ego
350 1305 501 1364 uunquam
528 1287 758 1354 scandalizabor,
784 1305 862 1345 nunc
889 1287 1014 1344 tristitie
1106 1305 1120 1333 ιι
1135 1283 1260 1339 Dederat
1283 1287 1382 1338 autem
1410 1281 1534 1338 traditor
1560 1283 1604 1339 eis
1629 1283 1750 1356 signum,
1765 1284 1857 1342 dicens:

189 1378 392 1452 magnitudine
407 1395 545 1436 somnum
557 1377 671 1434 vincere
686 1394 742 1433 non
759 1381 862 1450 potest.
1070 1393 1085 1422 ιι
1100 1373 1310 1444 Quemcunque
1320 1371 1471 1428 osculatus
1484 1373 1576 1440 luero,
1587 1373 1709 1445 ipseest,
1719 1377 1858 1430 teneteeun

224 1491 238 1520 ιι
255 1465 379 1541 Vlgilate
400 1471 430 1524 ct
450 1471 541 1536 orata,
564 1469 596 1522 ut
620 1483 678 1523 non
694 1465 807 1522 intretis
821 1464 851 1520 in
880 1465 1016 1521 tentatio·
1069 1481 1084 1510 «
1099 1466 1129 1516 at
1143 1459 1238 1516 ducite
1247 1465 1347 1516 caute.
1362 1461 1396 1516 tet
1410 1477 1477 1516 eum
1492 1460 1631 1527 venisset,
1643 1459 1736 1516 statim
1748 1463 1860 1518 accedens

189 1579 203 1608 ιι
218 1573 297 1614 uem.
308 1578 324 1606 u
333 1555 516 1629 Impossibile
524 1555 737 1612 esthamanam
747 1554 875 1611 animam
885 1571 942 1611 noo
955 1559 1016 1610 ten·
1069 1570 1085 1599 u
1101 1549 1137 1604 ad
1154 1565 1232 1614 eum,
1244 1549 1300 1606 ait:
1319 1549 1421 1605 Rabbi.
1436 1549 1627 1604 Dtosculatus
1637 1553 1759 1606 osteum.
1770 1573 1781 1598 ιι
1791 1551 1862 1623 lmpu·

188 1644 254 1702 tari.
270 1645 352 1702 Unde
367 1649 396 1701 et
410 1645 441 1700 in
455 1643 585 1701 oratioue
601 1644 752 1701 [lominica
766 1643 893 1700 dicimus
907 1643 1014 1716 (llcttla
1070 1637 1142 1694 dens
1157 1635 1277 1710 quidam
1301 1642 1330 1693 et
1345 1637 1486 1694 scelerata
1512 1637 1697 1704 confidentia,
1721 1639 1863 1712 magistrun

189 1737 243 1802 v1):
261 1758 276 1786 ιι
289 1734 331 1790 Ne
345 1750 399 1790 nos
413 1732 537 1790 inducas
551 1732 582 1788 in
597 1733 799 1803 tentationem,
813 1755 827 1783 a
838 1749 927 1805 quam
942 1733 1016 1794 lerrc
1070 1725 1214 1793 invocare,
1231 1730 1259 1782 et
1285 1724 1418 1782 osculum
1440 1724 1613 1798 ingemisci
1636 1741 1721 1798 quem
1742 1725 1863 1782 tradebat:

190 1840 248 1880 uon
266 1838 435 1896 possumus,
448 1820 640 1877 tentationem
651 1822 766 1893 penitus
781 1821 953 1884 refutantes,
965 1820 1015 1876 sed
1069 1813 1389 1887 tameoadhuealiquid
1399 1813 1865 1887 habetverecundiedisclpulicun

189 1912 266 1968 vires
276 1909 441 1968 sustinendi
457 1909 487 1964 in
503 1908 714 1964 tentationibus
727 1909 926 1982 deprecantes.
944 1909 1017 1982 llrgo
1072 1919 1129 1958 non
1148 1919 1216 1958 eum
1239 1903 1335 1976 palam
1360 1903 1480 1959 tradidit
1504 1903 1747 1977 persecutoribus,
1769 1905 1811 1959 sed
1831 1921 1868 1976 per

190 2004 220 2058 et
233 1997 500 2072 impresentiarum
513 2013 571 2054 nou
588 1997 646 2054 ait:
664 2021 678 2048 ιι
695 1997 844 2069 vigilitate
863 2002 892 2054 et
906 2003 986 2054 orate
1000 2019 1015 2048 a
1071 1991 1189 2065 signum
1206 1991 1309 2048 osculi.
1328 1991 1458 2064 Suscipit
1482 1997 1583 2048 autem
1600 1992 1738 2048 Dominus
1760 1989 1866 2048 osculum

191 2104 227 2146 ne
243 2086 407 2154 tentemini,
423 2086 474 2142 sed
487 2109 502 2138 ιι
518 2103 554 2142 ue
564 2085 679 2142 intretis
689 2085 718 2140 in
731 2085 948 2151 tentationem·
961 2087 1017 2142 hoc
1071 2079 1230 2148 traditoris,
1243 2096 1300 2135 noa
1314 2077 1523 2152 quc-simulare
1536 2097 1591 2136 nos
1605 2081 1716 2146 doceat,
1729 2079 1773 2136 sed
1784 2097 1868 2152 ncpro·

190 2181 246 2245 est,
262 2191 299 2232 na
313 2173 497 2232 tentationes
512 2177 629 2247 superat
639 2173 743 2230 ultima
754 2180 783 2232 et
797 2174 874 2231 intra
884 2193 954 2232 suos
969 2192 1017 2231 ca·
1071 2167 1210 2224 ditionem
1226 2169 1325 2242 lugere
1340 2167 1481 2236 videatur,
1505 2168 1595 2224 simul
1611 2173 1641 2226 et
1654 2168 1724 2225 illud
1738 2169 1813 2226 Dauid
1827 2169 1869 2223 in-

191 2282 243 2324 aus
257 2264 453 2322 enecatterbi
464 2265 568 2336 gratia,
581 2262 761 2335 marsyaqui
775 2281 826 2337 pro
835 2263 1018 2320 consessione
1071 2256 1172 2329 plens:
1190 2257 1285 2312 acum
1295 2257 1342 2314 his
1353 2257 1404 2329 qui
1416 2259 1541 2314 oderunt
1551 2275 1749 2330 racemorum
1758 2259 1870 2332 pacificus

191 2353 308 2414 Domini
323 2352 497 2426 sanguinem
517 2350 602 2417 ludit,
619 2355 747 2407 tentatus
763 2351 880 2424 quidem
895 2357 949 2420 est,
966 2352 1017 2407 sed
1072 2347 1158 2418 (reat.
1175 2348 1262 2415 cxix).
1278 2368 1292 2395 a

190 2440 361 2502 tentationis
376 2441 488 2497 retibus
500 2457 558 2496 non
568 2439 687 2513 ligatus.
704 2439 757 2506 Qui
768 2444 867 2496 autem
878 2445 974 2514 neget,
986 2441 1017 2496 iu
1108 2456 1122 2484 ιι
1139 2435 1220 2491 Unus
1235 2434 1353 2506 quidem
1370 2436 1405 2492 de
1421 2435 1684 2493 circumstantibus
1697 2438 1813 2494 educens
1827 2437 1872 2510 gla-

191 2530 294 2604 plagas
304 2528 474 2586 tentationis
484 2527 618 2584 incurrit.
631 2551 644 2578 ιι
655 2527 781 2600 Spiritus
793 2528 912 2600 quidem
923 2545 1017 2602 prom.
1072 2545 1085 2572 a
1103 2523 1196 2591 dium,
1210 2524 1355 2596 percussit
1369 2541 1485 2582 servum
1502 2526 1616 2582 summi
1628 2526 1790 2591 sacerdotis,
1800 2531 1875 2581 etam-

191 2643 206 2672 ιι
223 2622 303 2692 ptus,
318 2634 385 2674 caro
400 2621 498 2674 autem
513 2615 641 2672 inllrma.
655 2639 669 2666 u
686 2616 744 2672 lloc
758 2616 912 2673 adversum
928 2623 1017 2674 teme·
1074 2633 1088 2662 ι(
1104 2613 1216 2683 putavit
1226 2611 1267 2666 illi
1281 2611 1453 2669 auriculam.
1463 2635 1476 2664 a
1492 2613 1596 2670 Petrus
1614 2615 1670 2671 hoc
1686 2614 1761 2685 lecit,
1772 2613 1876 2670 utloan-

192 2703 1019 2779 rariosdictumaat,quiaquidquidcradtdarint,putant
1073 2715 1124 2755 nes
1148 2700 1325 2773 evangeista
1348 2701 1486 2768 declarat,
1512 2702 1620 2759 eodem
1642 2703 1777 2759 nimirum
1791 2701 1876 2758 menta

191 2813 223 2856 se
231 2813 317 2870 posse
325 2794 475 2868 consequi.
487 2795 742 2866 ltaquaquantum
751 2793 787 2849 de
797 2795 900 2850 ardore
911 2795 1018 2852 mentis
1072 2803 1180 2848 amore.
1192 2805 1250 2860 quo
1265 2794 1351 2846 antea
1367 2792 1460 2846 multa
1471 2791 1588 2846 lecerat.
1605 2792 1726 2848 Sciebat
1739 2791 1809 2847 enim
1821 2805 1875 2863 quc·

190 2885 380 2952 conlidimus,
390 2887 506 2940 tantum
520 2882 555 2938 de
569 2881 667 2938 earnis
682 2881 838 2955 fragilitate
850 2883 1016 2942 timeamus.
1072 2877 1158 2933 modo
1174 2877 1296 2934 Phineus
1312 2879 1460 2952 puniendo
1471 2879 1633 2947 sacrilegos
1645 2879 1876 2952 mttoedssml'lliil·

191 2974 248 3032 5011
263 2977 361 3029 tumen
373 2973 458 3044 juxta
480 2969 664 3042 Apostolum,
686 2970 791 3042 spiritu
808 2972 905 3028 caratis
930 2988 1018 3044 opera
1072 2964 1117 3020 tie
1139 2970 1169 3022 et
1193 2966 1346 3022 sacerdotii
1362 2968 1499 3039 perennis
1523 2970 1681 3041 acceperit.
1699 2970 1786 3026 Lucas
1799 2973 1876 3024 autem

191 3062 415 3120 mortificantur.
433 3058 512 3122 Facit
534 3057 582 3115 hie
597 3057 679 3114 locus
693 3059 848 3116 adversum
864 3061 1018 3134 Eutychia·
1072 3053 1163 3121 addit,
1181 3054 1250 3127 quia
1261 3056 1401 3112 Dominus
1412 3058 1712 3130 tungensauriculam
1724 3058 1877 3127 sordeant-

191 3167 255 3220 noa,
271 3149 321 3223 qui
337 3147 440 3206 dicum
451 3164 540 3204 unam
550 3147 581 3204 in
596 3147 753 3204 Mediatore
760 3148 811 3205 Dei
822 3154 850 3205 et
864 3149 1017 3206 hominum
1072 3143 1145 3198 verit
1157 3159 1244 3199 eum:
1265 3144 1403 3218 Nunquid
1419 3161 1487 3218 ergo
1503 3145 1624 3218 pietatis
1643 3165 1703 3204 sue
1726 3147 1878 3204 obliviscitur

191 3237 315 3298 Domino
330 3242 359 3295 et
382 3237 530 3296 Salvatorc
554 3240 653 3294 nostro
672 3237 868 3310 operationem
884 3241 912 3294 et
928 3255 1016 3294 unam
1033 3220 1055 3289 C
1074 3230 1227 3300 Dominus,
1245 3231 1294 3304 qui
1310 3239 1339 3289 et
1353 3233 1453 3291 hostes
1464 3251 1534 3291 suos
1549 3251 1606 3294 nco
1621 3233 1880 3308 patiturvulncran'l

81 3309 92 3326 ⁴
191 3327 284 3386 luisse
296 3326 487 3384 voluntatem.
503 3330 575 3382 Cum
590 3325 667 3383 anim
684 3324 773 3382 dicit:
790 3349 804 3376 ιι
815 3325 941 3398 Spiritus
957 3327 1019 3399 qui·
1073 3319 1116 3376 Illi
1128 3321 1209 3392 justo
1227 3337 1305 3377 more
1320 3321 1454 3393 infertur,
1472 3323 1535 3396 ipse
1550 3329 1768 3396 persecutorem
1783 3322 1880 3380 vulnera

192 3417 258 3474 dem
271 3419 425 3488 promptus
434 3419 489 3480 est,
501 3429 568 3470 caro
581 3430 648 3470 vero
659 3413 786 3480 inllrma,
800 3435 814 3462 u
829 3415 904 3470 duas
918 3414 1019 3472 volun·
1072 3414 1167 3479 sanat,
1184 3411 1305 3483 mystice
1320 3411 1428 3468 docens
1442 3410 1530 3468 etiem
1546 3429 1606 3482 eos,
1620 3413 1715 3487 quiin
1731 3432 1787 3470 sua
1799 3411 1881 3468 mortis

192 3508 267 3562 tates
280 3501 425 3559 ostendit:
441 3501 602 3558 humanam
612 3500 757 3568 videlicet,
768 3518 832 3573 que
845 3506 890 3558 est
905 3502 1015 3558 carnis:
1037 3511 1040 3516 '
1072 3499 1262 3556 consensione
1273 3499 1379 3556 vulnus
1388 3501 1491 3556 anime
1507 3506 1726 3572 contraxerant,
1738 3503 1761 3559 si
1773 3503 1879 3558 fructum

190 3590 373 3656 etdivinam,
388 3607 452 3662 quse
467 3593 512 3645 est
527 3589 659 3646 Deitatis.
676 3589 729 3646 Ubi
745 3589 875 3644 bumana
897 3590 1016 3662 quidem
1071 3587 1247 3660 paenitentiae
1263 3589 1384 3662 dignum
1402 3589 1533 3659 fecerint,
1552 3590 1681 3648 salutem
1699 3591 1809 3650 m'ereri.

188 3683 308 3754 propter
332 3677 535 3735 infirmitatem
562 3678 670 3744 carnis,
694 3680 810 3733 recusat
837 3677 1014 3749 passionem,
1108 3699 1119 3724 ι
1137 3677 1171 3732 m
1186 3681 1365 3749 respondeus
1376 3679 1472 3740 lesus.
1487 3678 1528 3735 ait
1544 3679 1602 3735 illis
1615 3698 1623 3736 z
1638 3683 1789 3755 Tanquam
1804 3679 1834 3734 ad
1849 3677 1880 3732 la·

187 3769 287 3832 diuina
302 3771 400 3825 aulem
417 3768 482 3840 ejus
496 3771 541 3823 est
555 3765 793 3840 promptissima:
810 3767 949 3838 quoniam
961 3767 1016 3822 lor·
1071 3787 1085 3815 ιι
1101 3768 1215 3822 trooem
1229 3766 1329 3822 existis
1338 3767 1520 3841 camgladiis
1530 3773 1558 3824 et
1570 3769 1702 3827 fustibus
1713 3769 1881 3842 comprehcn-

187 3859 299 3918 midare
313 3857 433 3931 quidem
450 3855 479 3912 in
491 3855 626 3928 passione
635 3853 771 3910 humanae
782 3853 948 3928 tragilitatis
959 3859 1013 3922 est,
1071 3875 1085 3903 ιι
1101 3853 1167 3911 dere
1184 3871 1230 3910 me
1241 3855 1255 3910 l
1268 3855 1402 3919 Quotidie
1417 3871 1497 3912 eram
1512 3858 1588 3929 apud
1606 3875 1661 3916 vos
1680 3861 1710 3914 in
1727 3855 1828 3930 templo
1841 3855 1880 3910 do·

186 3947 335 4020 suscipere
350 3951 447 4003 autem
470 3941 719 4017 dispensationem
739 3941 896 4015 passionis,
911 3942 1014 4000 divina
1070 3963 1085 3993 ιι
1101 3957 1180 4004 cens.
1195 3947 1291 4000 etnon
1309 3961 1354 4000 me
1368 3945 1514 4001 tenuistis.
1531 3967 1544 3995 ιι
1569 3947 1704 4004 Stultum
1725 3951 1778 4016 est,
1793 3942 1881 4018 inquit,

184 4035 344 4114 voluntatis
359 4040 446 4108 atque
460 4033 578 4090 virtutis
594 4035 648 4088 est.
1068 4047 1135 4088 eum
1152 4049 1218 4088 cum
1242 4032 1348 4106 gladiis
1362 4039 1391 4089 et
1407 4033 1535 4090 luctibus
1551 4049 1697 4106 querere,
1713 4037 1762 4109 qui
1778 4035 1846 4091 ultro
1858 4047 1882 4087 se

221 4149 235 4178 ιι
252 4125 287 4182 lit
300 4124 406 4184 iterum
422 4123 504 4192 abiit,
526 4127 555 4178 et
570 4121 672 4188 oravit,
695 4121 830 4178 eumdem
847 4137 1012 4178 sermonem
1068 4119 1187 4176 tradidit
1201 4121 1306 4176 vestris
1322 4123 1475 4178 manibus:
1493 4127 1521 4178 et
1534 4124 1564 4178 in
1579 4131 1667 4181 nocte
1683 4125 1768 4198 quasi
1783 4121 1882 4180 latitan-

186 4237 200 4265 ιι
216 4213 329 4276 diceas.
344 4235 358 4264 u
374 4211 460 4272 Solus
476 4215 539 4270 oret
555 4228 606 4284 pro
621 4209 769 4278 omnibus,
786 4210 862 4266 sieut
877 4215 906 4267 et
931 4209 1013 4268 selua
1067 4212 1137 4277 tem,
1148 4214 1177 4264 ct
1197 4213 1308 4266 vestros
1325 4209 1426 4266 oculos
1437 4211 1635 4268 declinantem
1653 4231 1707 4287 par
1722 4213 1881 4287 proditorem

185 4303 296 4371 patitur
307 4316 359 4376 pro
376 4301 530 4360 universis.
550 4301 737 4373 languebant
751 4305 848 4357 aulem
864 4305 893 4357 et
913 4299 1012 4373 oppri-
1067 4297 1251 4368 investigare,
1262 4298 1312 4370 qui
1328 4299 1496 4370 quotidieiu
1511 4301 1620 4374 templo
1634 4303 1750 4360 doceat.
1764 4303 1816 4359 Sed
1831 4299 1883 4355 ideo

185 4394 342 4450 mebautur
356 4389 553 4463 apostolorum
570 4388 657 4452 oculi,
674 4389 827 4460 negatione
839 4389 945 4446 vicina.
1065 4385 1883 4465 adversummeiutenebriscongregamini,quiapctestas

221 4503 236 4532 a
252 4481 287 4536 et
300 4478 379 4536 uenit
390 4475 485 4540 tertio,
503 4480 531 4529 et
545 4473 585 4528 ait
600 4474 678 4532 illis:
695 4477 824 4533 Dormite
835 4477 909 4547 jam,
926 4483 956 4534 ct
970 4494 1011 4533 rc·
1065 4476 1160 4530 vestra
1175 4473 1204 4528 in
1220 4474 1347 4531 tenebris
1362 4479 1417 4532 est.

184 4592 198 4620 a
215 4565 366 4640 quiescite.
382 4561 505 4620 Sufficit.
520 4560 606 4616 Venit
620 4561 770 4630 hora,ecce
782 4563 1011 4623 Filiushomiais
1027 4587 1049 4652 p
1101 4585 1116 4613 ιι
1131 4563 1214 4618 Τυῐιο
1229 4561 1365 4636 discipuli
1381 4565 1456 4636 ejus,
1474 4565 1676 4638 relinquentes
1700 4585 1780 4636 eum,
1796 4580 1884 4623 omncs

184 4679 199 4707 «ι
215 4653 346 4711 tradetur
360 4650 390 4708 in
406 4667 513 4708 manus
534 4653 730 4722 pcccatorum.
747 4674 758 4700 ι
774 4655 846 4708 Cum
868 4652 1008 4712 dixisset:
1065 4675 1079 4702 ιι
1093 4651 1240 4724 sugerunt.
1250 4673 1264 4700 a
1280 4653 1421 4724 lmpletur
1431 4671 1527 4711 sermo
1540 4655 1670 4722 Domini,
1682 4658 1762 4730 quod
1776 4655 1882 4719 dixerat,

183 4767 197 4795 ιι
214 4740 342 4800 Dormite
348 4740 412 4812 jam
420 4743 450 4796 cl
460 4736 642 4811 requiescite,
650 4759 664 4790 »
676 4739 896 4812 ctadjungeret:
905 4743 1009 4798 «Suill-
1064 4741 1140 4812 quod
1153 4739 1400 4814 omoesdiscipuli
1412 4743 1685 4801 scandalizarentur
1694 4745 1724 4802 iu
1739 4746 1787 4802 illo
1797 4744 1885 4814 inipss

182 4831 231 4898 eit,
246 4852 261 4882 a
271 4845 304 4888 ao
319 4827 424 4886 deinde
438 4826 565 4886 inferre:
582 4851 597 4878 ιι
611 4827 697 4884 Venit
707 4828 788 4898 hora,
801 4846 866 4886 ecce
877 4831 1009 4887 tradetur
1063 4833 1157 4886 nocte
1180 4829 1254 4884 Nam
1267 4832 1296 4884 et
1310 4830 1335 4886 si
1351 4830 1437 4886 turba
1461 4831 1647 4904 permittente
1671 4835 1709 4890 ad
1727 4831 1883 4907 petitionem

182 4918 273 4976 Filius
283 4917 446 4984 hominia»
461 4917 564 4990 utique
578 4915 752 4990 intelligitur
766 4921 831 4990 post
846 4917 916 4974 illud
929 4920 1007 4991 quod
1062 4916 1176 4972 Domini
1187 4917 1334 4990 fugerunt,
1344 4919 1510 4976 utJoannes
1521 4921 1785 4995 scribit,pavoram
1796 4925 1883 4976 tamen

181 5006 225 5065 eie
239 5007 351 5064 dictum
365 5011 428 5064 est:
447 5027 461 5060 ιι
475 5006 601 5062 Dormite
615 5011 644 5062 et
659 5005 841 5079 requiescite,
859 5029 873 5058 a
890 5005 1007 5064 siluisse
1061 5021 1094 5061 ac
1103 5005 1291 5062 timiditatem
1301 5023 1359 5062 sue
1369 5008 1688 5080 montisestendebant,
1703 5028 1762 5084 quo
1773 5011 1807 5065 ad
1820 5009 1883 5079 llige

180 5095 338 5154 Dominum
353 5095 549 5168 aliquantum,
562 5099 594 5151 ut
609 5095 663 5152 boc
675 5096 756 5152 beret
770 5096 847 5168 quod
861 5097 1008 5168 paemise-
1061 5093 1228 5166 presidium
1245 5093 1450 5168 promptiores,
1464 5099 1599 5169 quemad
1610 5099 1754 5156 fiduciam
1767 5093 1884 5172 patiendi

180 5190 237 5248 rat,
252 5190 280 5240 st
294 5187 364 5239 tunc
378 5183 532 5240 intulisse:
552 5207 563 5234 ι
576 5185 648 5240 Dece
661 5184 909 5259 appropinquabit
924 5185 1005 5258 hora,
1060 5183 1241 5239 exstiterant.

180 5272 434 5339 siverenithora3
450 5270 760 5344 ideopostillaverba
785 5275 914 5347 positum
941 5279 1003 5331 est:
1095 5295 1109 5322 ιι
1122 5269 1295 5327 Adolescens
1305 5275 1403 5327 autem
1413 5272 1534 5344 quidam
1549 5275 1732 5348 sequebatur
1743 5290 1809 5331 eum
1821 5269 1885 5328 ami·

181 5383 196 5414 ιι
212 5360 335 5427 Sulllcit,
350 5382 366 5412 a
383 5361 412 5416 id
428 5363 482 5425 est,
507 5360 576 5432 quia
591 5362 786 5433 requievistis,
801 5365 864 5435 jam
884 5364 1002 5420 suflicit.
1059 5385 1074 5413 ιι
1090 5365 1156 5416 ctus
1172 5359 1294 5416 sindone
1315 5375 1404 5431 super
1420 5361 1509 5430 nudo,
1526 5367 1554 5418 et
1570 5368 1732 5420 tonuerunt
1757 5379 1833 5419 eum.
1857 5359 1885 5412 tt

179 5451 235 5508 Sed
252 5451 321 5523 quia
340 5453 573 5506 commemorata
589 5449 652 5522 ipsa
673 5457 738 5507 non'
754 5457 798 5508 est
822 5453 1004 5525 interpositio
1058 5474 1073 5501 ιι
1089 5449 1146 5516 ille,
1165 5449 1270 5519 rejecit
1283 5447 1415 5518 sindone,
1430 5450 1529 5508 nudus
1542 5451 1670 5527 prodigit
1681 5453 1720 5508 ab
1731 5453 1807 5508 eis-¹¹
1820 5445 1886 5516 Quia

178 5539 286 5597 silentii
296 5537 422 5604 Domini,
433 5539 584 5610 propterea
593 5539 919 5610 coaretatintcllectum‚
930 5547 963 5598 ut
973 5543 1002 5598 in
1058 5540 1109 5604 ait,
1124 5537 1249 5594 amictus
1264 5535 1387 5594 sindone
1402 5555 1492 5612 super
1521 5541 1611 5609 nudo,
1627 5540 1809 5597 subauditur
1829 5551 1883 5592 ror·

177 5628 237 5686 illis
252 5628 347 5686 verbis
362 5625 420 5684 alia
433 5625 632 5700 pronuntiatio
647 5629 821 5700 requiratur.
1057 5645 1136 5702 pore,
1154 5627 1181 5682 id
1198 5628 1242 5682 est
1255 5641 1374 5698 corpore
1389 5643 1479 5700 super
1494 5629 1583 5700 nudo,
1602 5629 1650 5702 qui
1667 5645 1731 5686 non
1748 5627 1828 5686 aliud
1842 5623 1869 5679 in
