3930 6172
73 359 115 418 aar
652 349 828 414 trellum:
849 350 899 412 oa
922 342 1120 413 ιιιιιΡιιιιΕζ
1675 361 1737 424 aaa

97 514 107 538 ιι
122 489 286 561 Lacmmatus
299 489 343 544 est
357 484 501 542 Christus.
517 485 656 542 Dixcrunt
666 483 851 560 crgoludai:
869 489 894 554 Α
911 488 1008 540 menta
1023 483 1144 554 solvere,
1160 484 1211 557 qui
1227 489 1376 542 mortuum
1393 487 1584 546 resuscitavit.
1601 491 1656 548 Sed
1670 511 1736 566 pro·

69 605 78 630 ι
92 579 147 634 Ecce
160 576 293 648 quomodo
306 575 424 632 amabat
437 592 515 632 aum.
536 601 545 626 ι
564 575 638 642 Ouid
660 580 713 642 est,
739 574 857 630 ornabat
910 577 974 646 pter
990 574 1130 629 unitatem
1147 579 1252 632 sancta
1269 576 1410 645 Ecclesia,
1432 581 1460 632 et
1473 577 1653 636 individuam
1668 582 1737 638 aba·

67 685 118 724 cam
129 667 141 721 ‘l
153 667 207 722 Nou
218 664 291 720 venit
304 681 405 721 vocare
424 665 533 738 justos,
555 665 605 722 sed
630 667 795 738 peccatores
819 661 855 718 ad
910 661 1026 718 ritatem
1045 662 1152 718 dicitur
1167 663 1322 734 ministris,
1338 665 1365 722 id
1383 670 1428 722 ast
1442 665 1595 742 discipulis
1609 669 1737 741 Christi:

66 756 235 830 paenitentiam
251 753 341 826 (llere.
358 755 400 826 n.)
911 774 925 802 ιι
942 749 1048 808 Solvite
1064 769 1142 808 eum.
1162 775 1175 802 ιι
1200 753 1273 818 Quia
1287 754 1350 810 siaa
1371 755 1482 812 unitate
1497 753 1643 812 catholica·
1659 757 1740 828 fidei,

91 843 222 908 :Quidam
244 846 338 900 autam
362 843 497 900 dixerunt
512 859 546 900 en
561 842 648 915 ipsis:
665 841 726 898 Non
744 841 858 914 poteret
911 843 940 896 et
954 837 1095 897 charitate
1116 839 1317 900 ecclesiastica
1342 845 1516 920 sanctitatis,
1540 851 1658 920 peccata
1681 864 1740 904 noa

66 931 183 1004 ‹bic,qni
198 932 305 1005 aperuit
318 930 418 990 oculos
429 931 495 988 caci
507 931 674 999 nali,laoere
691 934 722 986 ut
736 929 784 986 hic
799 945 857 984 non
911 928 1074 985 solvuntur.
1737 1002 1740 1008 Ι

67 1021 244 1078 «manatura
265 1041 278 1072 ι
296 1021 350 1088 Qui
374 1020 469 1079 noluit
498 1021 591 1078 lacere
616 1025 728 1078 utnon
761 1035 859 1100 mores
949 1040 963 1066 ιι
979 1018 1062 1074 Μιιιιι
1086 1024 1185 1076 autem
1200 1037 1235 1076 cx
1257 1021 1378 1090 ludaeis,
1394 1021 1445 1096 qui
1469 1029 1609 1084 venerant
1627 1026 1663 1084 ud
1680 1027 1739 1084 llla·

66 1117 132 1178 ratnr,
147 1109 207 1182 plns
222 1114 265 1166 est
280 1111 355 1184 qnod
368 1111 498 1168 lactnrue
509 1116 564 1180 est,
580 1115 613 1168 ut
624 1115 758 1170 mortuus
768 1105 859 1166 eusci·
913 1129 926 1156 ιι
945 1107 1029 1175 riam,
1047 1112 1075 1164 at
1089 1109 1221 1166 viderunt
1238 1127 1304 1182 qum
1320 1111 1388 1168 lecit
1401 1113 1496 1182 lasus,
1509 1113 1696 1171 erediderunt
1710 1115 1740 1172 in

66 1205 129 1254 lelnr.
913 1218 926 1245 ιι
943 1213 1022 1252 eum.
1039 1197 1160 1264 Quidam
1177 1203 1275 1256 autem
1291 1217 1326 1256 cx
1341 1200 1414 1273 ipsis
1429 1201 1565 1259 ducrum
1580 1203 1616 1260 ad
1639 1201 1741 1260 Plrari·

89 1313 98 1335 ιι
111 1287 186 1344 lasus
199 1304 275 1360 ergo,
289 1305 392 1346 rursus
408 1289 535 1346 fremens
550 1289 579 1345 in
597 1287 765 1360 semetipso,
781 1283 860 1342 vcnit
913 1307 926 1334 ιι
945 1301 1027 1352 eccos,
1048 1290 1076 1342 at
1105 1285 1241 1342 dixerunt
1267 1287 1310 1344 aie
1340 1305 1403 1362 qua
1428 1290 1496 1346 lacit
1523 1289 1619 1348 lesus.
1637 1314 1651 1341 ιι
1678 1293 1740 1348 Non

66 1401 73 1424 ι
87 1377 113 1430 ad
123 1383 346 1432 monumentum.
360 1399 374 1428 ιι
397 1375 506 1434 Fremit
520 1382 547 1433 et
563 1377 591 1432 in
617 1382 655 1446 ta,
677 1375 701 1431 si
727 1373 859 1448 disponis
913 1389 1015 1430 omnes
1030 1391 1065 1430 ex
1080 1375 1189 1432 tudaeis
1205 1376 1255 1448 qui
1271 1383 1466 1436 convenerant
1481 1379 1517 1436 ad
1532 1379 1666 1448 Mariam,
1690 1381 1741 1438 sed

65 1465 210 1522 arciriscare.
221 1464 305 1524 Omni
321 1465 435 1522 bomini
446 1465 563 1535 dicitur,
579 1466 629 1540 qni
643 1465 859 1540 premiturpas.
914 1461 1045 1535 quidam,
1072 1463 1131 1520 siva
1145 1480 1180 1520 ex
1195 1465 1237 1520 eis
1253 1467 1303 1539 qui
1325 1482 1382 1522 non
1399 1467 1591 1536 crediderant,
1607 1469 1743 1526 abierunt

64 1553 118 1608 sina
137 1554 357 1612 consuetudine:
384 1577 399 1604 ιι
419 1553 506 1612 Venit
530 1555 566 1610 ad
592 1550 826 1610 monumentum.
843 1573 865 1624 ιι,
914 1550 949 1605 ad
962 1549 1133 1618 Pharisaeos,
1148 1557 1175 1607 ot
1186 1553 1323 1608 dixerunt
1338 1571 1400 1627 qua
1417 1555 1484 1612 lacit
1497 1557 1601 1613 lesus:
1617 1558 1678 1616 sive
1692 1575 1743 1614 an-

63 1663 72 1688 ι
85 1643 135 1696 Erat
157 1649 249 1698 antem
274 1642 416 1716 spelunca
430 1649 459 1700 et
474 1643 548 1718 lapis
574 1642 779 1718 superpositus
799 1645 861 1698 arat
914 1639 1087 1708 nuntiando,
1101 1643 1131 1696 nl
1143 1645 1171 1696 at
1186 1639 1241 1714 ipsi
1258 1641 1419 1711 crederent,
1436 1643 1495 1700 sive
1510 1645 1606 1718 potius
1619 1646 1743 1720 proden-

62 1731 86 1784 ri.
97 1753 107 1779 ι
119 1731 240 1788 Mortuus
256 1732 312 1788 sub
329 1731 436 1806 lapide,
450 1749 517 1790 rous
528 1733 583 1790 sub
596 1730 668 1806 lage.
680 1731 766 1788 Scitis
781 1731 859 1786 enirn
915 1727 962 1796 ilo,
986 1733 1018 1785 nt
1034 1729 1166 1786 sevirent
1181 1747 1188 1786 z
1211 1732 1262 1788 sad
1279 1731 1508 1804 quomodolibet,
1525 1739 1553 1790 et
1567 1751 1584 1789 a
1598 1735 1742 1808 quibusli-

63 1817 158 1891 qnialas
171 1837 231 1894 qua
247 1821 318 1880 data
331 1821 506 1890 esttndaeis,
523 1821 552 1876 in
568 1819 664 1894 lapide
682 1819 790 1892 scripta
800 1822 858 1876 est:
914 1816 973 1883 bet,
991 1817 1025 1872 ad
1044 1817 1205 1875 Pharisaeos
1220 1819 1276 1876 ista
1291 1818 1404 1892 perlata
1419 1825 1499 1878 aunt.

61 1925 139 1965 ιιιιιιιι
148 1915 239 1966 autam
252 1910 294 1966 rei
308 1911 363 1966 sub
379 1909 442 1984 lege
453 1915 532 1968 suut.
545 1911 622 1968 Dana
632 1909 760 1966 viventes
771 1907 861 1972 enim,

61 1997 79 2050 ιι
92 1997 142 2070 lega
157 2015 209 2052 non
226 2003 307 2067 sunt,
321 1999 404 2072 justo
419 1998 465 2054 lex
481 1999 577 2072 posita
592 2015 649 2054 nan
665 2003 720 2054 ast.
732 1996 807 2064 Quid
819 1999 864 2050 eet
1222 1996 1370 2054 neultra
1384 1998 1441 2054 LV.

61 2103 111 2158 argo
123 2085 240 2160 lapidem
257 2087 432 2144 removerat
446 2087 576 2144 Gratiam
596 2086 763 2160 praedicare.
787 2085 863 2156 ltpa-
1154 2119 1279 2161 mmo
1299 2122 1368 2162 ΜΤ
1388 2109 1508 2164 mare,

62 2173 132 2229 stolus
145 2176 217 2231 enim
234 2177 345 2232 Paulus
362 2177 530 2232 ministrum
547 2191 577 2231 sa
593 2175 664 2231 dicit
679 2173 748 2230 Nori
766 2173 864 2228 'l'astn-

62 2263 139 2334 nanti,
150 2282 202 2322 non
214 2263 324 2337 littera,
334 2266 386 2321 scd
398 2265 514 2339 spiritu.
527 2265 598 2320 Num
610 2287 624 2314 ιι
637 2262 743 2332 littera,
757 2260 861 2332 inquit,
954 2263 1048 2328 (lolia.
1065 2263 1136 2336 tarr).
1152 2287 1165 2313 ιι
1181 2264 1211 2320 ln
1224 2264 1273 2320 illo
1287 2271 1431 2340 tempore:
1449 2267 1524 2323 Dixit
1534 2267 1621 2326 lesus
1632 2271 1744 2326 turbis:

62 2352 151 2419 candit,
166 2353 285 2426 spiritns
303 2359 402 2410 autam
425 2354 552 2426 viqificat
568 2354 604 2424 (ll
619 2352 679 2409 Cor.
696 2354 748 2423 ru).
768 2373 781 2400 ιι
806 2349 862 2404 Lil-
917 2371 935 2401 ι
946 2351 1004 2424 ugo
1020 2369 1085 2407 eum
1102 2351 1152 2408 lux
1167 2355 1280 2410 mundi.
1293 2356 1346 2420 Qui
1357 2356 1491 2428 sequitur
1502 2373 1559 2424 me,
1573 2375 1630 2416 noa
1641 2361 1745 2416 ambu-

63 2446 107 2496 tara
118 2443 253 2511 occidens,
271 2443 359 2516 quasi
376 2443 450 2516 lapis
465 2447 509 2498 cst
525 2459 671 2515 premens.
920 2462 933 2488 ιι
950 2438 1170 2510 latintancbris,
1181 2448 1229 2498 »ct
1240 2443 1745 2517 reliqua.Ubimanilestadecet,non

87 2556 96 2578 ι
111 2532 264 2601 llamovata,
275 2531 531 2606 inquit,lapidam,
541 2529 865 2604 »remorolalegispon
920 2527 1015 2584 solum
1031 2546 1089 2602 qua
1105 2533 1275 2588 auctoritato
1293 2533 1406 2590 nruliari
1418 2535 1689 2606 peccatadimisorit
1703 2539 1747 2611 (ut

63 2621 110 2686 dus,
131 2622 247 2694 gratiam
273 2621 439 2695 praedicate.
465 2645 479 2672 ιι
497 2621 572 2676 Dicit
586 2621 612 2677 ai
637 2618 763 2688 Martha,
783 2633 865 2672 soror
920 2617 1006 2690 paulo
1017 2619 1270 2690 superiusrcl'ert),
1283 2622 1431 2678 sedetiam
1443 2623 1519 2695 quod
1530 2623 1592 2696 ipsc
1604 2625 1642 2680 sit
1653 2649 1667 2675 ιι
1679 2643 1746 2682 rara

63 2711 192 2782 «ejusqui
222 2715 359 2768 mortuns
383 2711 495 2766 suerat:
527 2710 661 2776 Domina,
684 2710 748 2782 jam
773 2707 864 2764 fatet,
919 2703 1517 2780 tux,quaeiltuminat01nnemhominem
1536 2713 1745 2771 redientemin

63 2821 71 2842 ι
83 2799 277 2871 quatriduanus
305 2800 382 2856 enim
407 2803 461 2856 cst.
484 2799 559 2856 Dicit
583 2799 608 2854 ei
632 2798 718 2854 lesus
732 2814 739 2852 z
764 2797 865 2852 arnna
920 2794 1149 2852 huncmnndum
1160 2798 1247 2869 (laura.
1261 2799 1290 2870 r).
1301 2822 1314 2848 ιι
1326 2800 1415 2870 Cujus
1428 2803 1600 2872 perpetuum
1612 2801 1747 2874 splendo-

62 2911 70 2934 ι
82 2889 128 2942 dixi
142 2889 200 2958 tibi,
221 2889 364 2962 quoniam
387 2888 410 2944 si
428 2888 597 2958 credideris,
612 2886 724 2944 videbis
740 2885 863 2960 gloriam
919 2900 979 2940 ram
996 2883 1127 2943 humana
1148 2885 1290 2960 fragilitas
1315 2887 1412 2944 videre
1436 2905 1493 2946 nen
1519 2890 1673 2962 potuisset,
1688 2891 1744 2948 nisi

62 2999 69 3022 ιι
82 2975 142 3034 Dei?
155 3001 167 3028 ι
190 2977 263 3046 Quid
277 2983 336 3045 est,
363 2977 482 3034 Videbis
504 2977 627 3052 gloriam
649 2975 724 3034 Dcit
748 2974 821 3042 Quia
836 2978 865 3029 at
919 2974 996 3027 nube
1007 2973 1103 3030 carnis
1111 2979 1266 3048 tegeretur,
1278 2993 1330 3048 por
1342 2993 1430 3050 quam
1442 2978 1526 3050 quasi
1536 2979 1745 3052 perquaddam

61 3065 191 3134 latentem,
202 3073 230 3123 at
243 3067 477 3141 quatriduanum
490 3068 621 3126 suscitat.
635 3089 648 3116 ιι
661 3065 769 3122 Omnes
784 3063 862 3118 caim
918 3061 1134 3117 lucidissimum
1146 3062 1308 3135 speculum,
1323 3064 1412 3120 divini
1425 3063 1544 3122 luminis
1558 3066 1675 3123 claritas
1689 3067 1744 3124 bu·

62 3161 231 3226 peccaverunt,
254 3162 283 3213 ct
315 3160 401 3230 egeat
426 3155 519 3230 gloria
539 3155 760 3227 Deilltom.1n).
780 3175 794 3202 ιι
810 3151 861 3208 Et:
918 3150 1746 3228 manismentibusinnotascerat,qualrdepurgandaast,

62 3269 70 3288 ι
83 3243 123 3299 Ubi
137 3247 292 3304 abundarit
318 3251 480 3319 peecatum,
497 3244 745 3322 superabundavit
768 3225 899 3314 gratinC
919 3244 951 3295 ut
966 3239 1037 3295 tanti
1054 3237 1175 3296 luminis
1196 3245 1314 3315 aspectu
1331 3241 1420 3315 digna
1434 3241 1586 3298 alliciatur.
1604 3243 1684 3300 Unda
1700 3261 1745 3301 ee-

16 3351 17 3354 *
65 3335 129 3388 'lora
142 3337 177 3404 ι).
193 3359 207 3386 ιι
917 3333 1001 3384 cutus
1017 3327 1070 3384 ait:
1087 3351 1101 3378 ιι
1114 3328 1167 3392 Qui
1183 3330 1315 3402 sequitur
1326 3347 1382 3397 ma,
1400 3348 1457 3386 non
1472 3330 1604 3388 ambulat
1619 3333 1648 3388 in
1664 3337 1747 3389 tane-

85 3423 477 3498 uTuleruntargolapidam.
506 3423 593 3478 Jcsus
623 3425 720 3478 autem
744 3420 863 3478 elevatis
917 3417 989 3488 bria,
1006 3417 1055 3472 sad
1084 3417 1190 3474 babeat
1217 3417 1322 3474 lumen
1347 3418 1420 3474 vitra.
1439 3443 1453 3470 »
1479 3419 1532 3487 Qui
1562 3419 1636 3476 meis
1658 3421 1745 3478 modo

83 3527 182 3568 sursum
197 3512 290 3570 oculis
306 3511 397 3568 dixit:
410 3512 503 3582 Pater,
518 3512 627 3585 gratias
642 3527 696 3584 ago
711 3511 774 3579 tibi,
791 3526 862 3585 quo·
914 3507 1009 3579 jussis
1019 3511 1048 3562 et
1062 3505 1203 3580 exemplis
1210 3508 1392 3582 obsequitur,
1405 3526 1462 3564 noa
1476 3507 1591 3566 timebit
1605 3510 1635 3568 in
1647 3509 1746 3568 laturo

61 3622 70 3646 ι
83 3601 146 3657 niam
154 3603 258 3659 audisti
269 3618 331 3658 ma.
341 3601 399 3676 Ego
410 3606 508 3658 autem
518 3601 657 3667 sciebam,
669 3599 739 3674 quia
749 3615 864 3672 semper
918 3595 1054 3650 tenebras
1074 3595 1283 3662 damnationis,
1298 3596 1349 3652 sed
1364 3595 1458 3652 lucam
1475 3595 1573 3670 potius
1597 3598 1671 3666 vita,
1695 3598 1745 3654 ubi

62 3708 70 3728 ι
82 3703 118 3744 mc
130 3691 220 3759 audis,
235 3691 287 3747 sad
308 3695 426 3764 proptor
440 3688 593 3764 populum,
612 3689 660 3763 qni
682 3689 862 3755 circumstat,
918 3701 1070 3757 nunquam
1082 3701 1202 3756 prorsus
1213 3685 1364 3754 moriatur,
1376 3685 1505 3744 habebit.
1518 3687 1628 3760 ltaque,
1640 3687 1713 3744 lratr
1731 3704 1746 3744 s

61 3799 69 3817 ι
82 3775 138 3844 dixi,
153 3786 181 3836 ut
193 3780 317 3836 credant
336 3779 406 3852 quia
416 3783 445 3834 tn
465 3795 511 3834 ma
526 3779 643 3836 misisti.
659 3777 724 3833 llaec
738 3793 803 3832 cunr
820 3776 863 3832 di·
919 3773 987 3842 mai,
999 3790 1159 3846 sequamur
1169 3774 1318 3830 Christum
1331 3772 1431 3832 lumen
1442 3776 1555 3844 mundi,
1567 3793 1603 3832 ne
1613 3774 1745 3832 ambula-

61 3885 69 3904 ι
82 3865 164 3936 nisset,
180 3886 246 3925 voca
272 3885 383 3942 magna
404 3865 548 3926 clamavit.
568 3891 582 3918 ιι
608 3866 746 3936 Franruit,
771 3865 863 3938 lacry-
919 3879 986 3920 mus
1000 3863 1030 3917 in
1045 3863 1184 3918 tenebris.
1197 3863 1333 3920 Tenebrae
1349 3865 1511 3920 metuenda
1525 3869 1603 3934 sunt,
1617 3881 1745 3930 morum,

61 3955 136 4023 navit,
150 3975 212 4014 voce
230 3974 343 4032 magna
367 3954 512 4023 clamavit,
530 3961 562 4011 ut
581 3956 679 4012 animo
701 3954 865 4028 perpendas
919 3969 977 4007 nou
991 3951 1160 4008 oculorum:
1177 3951 1231 4008 etsi
1248 3951 1410 4021 oculorum,
1427 3969 1484 4008 noa
1496 3953 1682 4022 exteriorum,
1695 3953 1745 4009 sed

61 4055 126 4110 qaam
138 4045 250 4103 difficile
262 4046 371 4120 surgit,
383 4059 469 4118 quem
481 4043 573 4102 molae
584 4042 666 4100 malac
677 4043 863 4098 consuetudi·
918 4039 1101 4096 interiorum.
1119 4039 1201 4096 Unde
1210 4039 1387 4097 discernitur
1397 4059 1454 4096 non
1465 4039 1566 4099 album
1577 4046 1607 4098 et
1616 4041 1745 4116 nigrum,

61 4129 94 4184 ais
103 4134 209 4203 prarnit;
227 4137 278 4191 scd
306 4139 403 4190 tamen
420 4133 525 4208 surgit,
540 4133 651 4190 occulta
664 4133 758 4206 gratia
784 4132 864 4187 intus
919 4129 970 4184 ead
982 4130 1098 4200 justum
1109 4134 1138 4184 et
1147 4129 1302 4200 injustum.
1315 4131 1479 4202 Antequam
1491 4145 1559 4202 ergo
1572 4129 1682 4184 veniret
1692 4129 1746 4186 Dc·

61 4217 203 4279 vivificatus.
213 4223 318 4298 Surgit
331 4227 504 4296 postvocem
518 4239 666 4296 magnam,
683 4237 741 4294 qua
756 4220 863 4278 clama·
920 4218 1019 4272 minus
1034 4216 1382 4284 nostochsnsChristus,
1398 4216 1507 4274 multas
1523 4221 1589 4274 ante
1604 4233 1635 4272 aa
1651 4216 1745 4272 lucer·

62 4305 103 4362 til:
118 4335 128 4358 ι
145 4311 257 4380 Lazarc,
287 4311 354 4368 veni
380 4311 468 4368 lorea.
495 4313 528 4368 tt
555 4310 654 4368 statim
680 4310 788 4385 prodiit
814 4309 862 4382 qni
919 4305 1168 4378 nasprophcticas
1179 4305 1320 4373 accendit,
1332 4309 1360 4362 at
1373 4305 1463 4362 misit.
1476 4305 1516 4362 De
1527 4305 1645 4360 hiserat
1656 4304 1744 4360 ctiam

63 4395 318 4468 «commortuus,
332 4399 865 4474 ligatuspadesetmanusinstitis,et
918 4395 1045 4452 loannes
1060 4394 1200 4468 Baptista,
1217 4394 1263 4450 cui
1287 4399 1347 4450 tam
1364 4409 1505 4468 magnum
1521 4393 1617 4466 ipsum
1633 4391 1745 4460 lumen,

63 4482 150 4543 ¹«larice
164 4488 243 4546 illius
260 4489 382 4546 sudario
397 4493 459 4544 erat
474 4488 572 4562 ligata.
589 4510 602 4538 ιι
628 4488 778 4554 Quomodo
797 4504 863 4561 pro·
919 4486 996 4558 quod
1007 4489 1051 4542 cet
1062 4483 1358 4552 DominusChristua,
1374 4481 1744 4559 porhibuittestimonium,

62 4575 126 4628 rasa
139 4575 232 4650 ligatis
252 4577 380 4651 podibus
392 4577 519 4647 miraris,
537 4581 565 4633 et
578 4595 634 4632 non
652 4576 768 4632 miraris
794 4575 863 4649 quia
878 4598 904 4668 D
919 4573 998 4646 quali
1015 4571 1087 4628 nulli
1103 4573 1268 4630 hominum.
1285 4573 1332 4629 Ait
1347 4571 1445 4630 enim:
1463 4595 1476 4622 ιι
1490 4571 1567 4628 lntar
1581 4573 1665 4627 natos
1680 4587 1745 4626 mu-

63 4664 161 4719 surraxit
173 4667 388 4739 quatriduanus
401 4669 412 4722 ι
426 4665 457 4722 ιιι
473 4670 597 4738 utroque
608 4665 737 4738 potantia
746 4664 862 4722 Domini
917 4663 1022 4720 liarum
1039 4679 1097 4718 non
1113 4661 1239 4718 surrexit
1261 4663 1355 4734 major
1369 4661 1480 4718 tonnae
1495 4659 1626 4732 Baptista
1641 4659 1744 4732 (lluttlr.

63 4755 115 4814 arat,
129 4770 180 4809 non
195 4755 273 4811 vires
289 4755 409 4810 mortui.
425 4753 580 4823 Processit,
601 4759 629 4810 et
645 4754 741 4810 adbuc
756 4752 864 4827 ligatus
919 4756 967 4822 ιιι).
986 4773 997 4803 ι
1015 4752 1067 4808 llic
1083 4757 1191 4819 tamen,
1208 4767 1266 4825 quo
1285 4767 1370 4809 nemo
1385 4753 1447 4808 erat
1461 4749 1555 4821 major
1570 4749 1645 4804 inter
1661 4752 1746 4804 natos

63 4841 102 4896 ot.
122 4841 208 4898 adhuc
234 4841 395 4914 involutus,
423 4847 521 4899 tamen
545 4842 621 4898 laras
632 4844 697 4916 jam
712 4843 863 4916 processit,
918 4841 1088 4909 mulierum,
1104 4841 1174 4896 dicit
1197 4841 1232 4896 de
1247 4840 1371 4896 Domino
1395 4843 1494 4894 nostro
1518 4838 1587 4894 lesu
1611 4835 1743 4892 Christo:

63 4925 288 5004 quidsignificet‘t
303 4930 424 4997 Quando
440 4931 613 5000 contemnis,
626 4931 863 5004 mortuusjaces;
920 4954 934 4982 ιι
951 4933 1008 5006 ligo
1024 4931 1142 5004 quidam
1159 4930 1273 5004 baptizo
1288 4947 1339 4985 roe
1349 4929 1378 4985 in
1389 4945 1475 5002 aqua.
1490 4927 1544 4994 Qui
1559 4931 1657 4983 antem
1668 4925 1747 4982 venit

63 5013 82 5063 tl
94 5015 112 5066 si
126 5021 200 5074 tanta
214 5024 327 5094 quanta
348 5019 407 5076 dixi
423 5020 596 5089 contemnis,
617 5019 751 5094 sepultus
761 5021 863 5094 jaces5
918 5025 984 5094 post
996 5037 1052 5092 mc,
1066 5019 1168 5076 l'ortior
1183 5036 1230 5075 me
1244 5023 1299 5092 cst,
1311 5019 1357 5074 cai
1373 5034 1431 5074 non
1441 5033 1507 5074 sum
1518 5016 1626 5090 dignus
1639 5014 1746 5072 calcea-

62 5103 147 5175 sarpa,
162 5109 278 5180 qnando
290 5109 447 5164 confiteris.
459 5108 532 5174 Quid
549 5113 594 5164 est
608 5110 686 5165 enim
698 5110 863 5182 procedere,
919 5113 1018 5166 menta
1032 5108 1142 5164 solvere
1158 5109 1267 5180 (Malu.
1284 5109 1332 5174 ιιι).
1350 5129 1364 5157 ιι
1380 5105 1481 5162 Videte
1495 5105 1743 5180 quemadmodum

64 5187 105 5242 nisi
118 5195 149 5248 ab
164 5197 284 5254 occultis
300 5197 379 5254 salut
397 5197 529 5255 exuendo
545 5199 748 5254 manifestarit
761 5199 817 5254 Sed
832 5203 865 5255 ut
918 5216 950 5255 aa
966 5197 1085 5254 lucerna
1108 5197 1166 5252 diei
1191 5195 1354 5253 submittat.
1380 5197 1541 5252 Lucernam
1564 5211 1632 5252 varo
1646 5195 1744 5267 ipsum

63 5279 212 5353 eontanas,
222 5287 302 5344 Deus
313 5286 549 5355 lacitclamando,
560 5287 589 5342 id
600 5291 645 5344 est
655 5303 761 5360 magna
770 5287 865 5361 gratia
916 5289 1059 5344 loannem
1076 5287 1167 5342 luisse
1176 5285 1319 5343 Dominus
1330 5285 1392 5358 ipse
1404 5289 1536 5342 testatur.
1549 5283 1598 5340 llle
1613 5289 1675 5340 arat
1687 5283 1743 5353 (in-

62 5370 176 5426 vocando.
201 5374 268 5430 ldco
294 5376 435 5448 processit
458 5380 603 5443 mortuus,
626 5376 722 5434 adbuc
744 5375 861 5449 ligatus,
918 5377 993 5451 quit)
1009 5375 1128 5431 lucerna
1147 5373 1253 5432 ardens
1267 5379 1296 5430 et
1311 5373 1423 5444 lucens,
1440 5379 1469 5430 et
1484 5391 1534 5430 vos
1548 5371 1682 5430 voluistis
1706 5373 1743 5430 ad

63 5448 138 5510 adim
150 5475 225 5530 raus,
247 5468 279 5518 ut
294 5463 474 5521 solverentur
489 5468 606 5536 peccata
629 5465 704 5536 ejus.
721 5465 862 5522 Ministrie
917 5466 1020 5522 boram
1036 5463 1181 5520 assultare
1196 5463 1226 5520 in
1242 5463 1353 5521 lumine
1368 5465 1442 5537 ejus.
1459 5485 1473 5515 ιι

62 5549 115 5612 ⁸³8⁰
128 5543 176 5604 hoc
188 5549 275 5608 dixit:
952 5579 966 5608 ιι
984 5553 1207 5626 Responderunt
1231 5569 1299 5628 argo
1329 5553 1483 5610 Pharisaei:
1513 5554 1555 5609 'lu
1585 5552 1620 5608 da
1650 5551 1742 5625 teipso

90 5630 304 5710 «Salviacum,
319 5631 574 5704 atsinitaabira.a
590 5643 772 5702 Potuitanim
788 5643 860 5722 liga·
915 5669 929 5700 ιι
946 5640 1148 5704 testimonium
1163 5641 1246 5714 dieis,
1276 5643 1479 5704 testimonium
1509 5645 1593 5703 tuum
1616 5655 1674 5700 aaa
1695 5642 1742 5698 est
