3950 6174
238 411 298 470 655
521 409 726 472 HAYMONIS
749 409 1019 470 Hatssuasrar.
1043 407 1167 470 uulso.
1190 409 1275 471 OPP.
1301 411 1398 472 PARS
1421 408 1460 471 ll.
1472 443 1512 454 -
1527 409 1656 472 uouit.
1843 363 1887 481 tle

237 543 357 598 hebent.
373 541 459 598 Nulla
473 543 593 598 senibus
610 560 661 615 pro
677 541 781 597 canitie
797 539 964 596 reverentia‘
982 541 1063 596 nulla
1078 543 1103 606 Α
1120 540 1222 606 lenire,
1239 542 1316 613 quod
1334 541 1445 597 nriscrae
1457 542 1542 598 matri
1558 559 1591 598 ex
1604 541 1888 607 omnibuslecultallbus

238 631 367 706 parvulis
383 647 435 704 pro
453 631 619 688 innocentia
643 631 790 688 miseratio
815 631 996 697 servabatur,
1012 631 1063 688 ssd
1118 629 1173 687 hec
1188 629 1372 688 solummodo
1388 631 1584 703 reliquissent,
1604 637 1782 705 perpetratum
1802 637 1889 699 ιεειεεε

237 721 466 780 verberabantur
480 737 575 788 senes,
591 719 615 776 si
629 721 728 776 cibum
738 719 882 776 occultare
893 719 1062 778 uoluissent.
1118 719 1325 798 neptisverunt
1349 719 1424 776 urbi.
1450 721 1556 776 Factus
1570 723 1613 780 est
1631 720 1731 778 clamor
1755 728 1889 796 magnesia

238 810 355 882 Sparsis
370 808 457 868 etiam
471 808 601 870 crinibus
622 808 760 866 mulieres
776 825 826 881 per
841 809 950 882 plateas
967 808 1062 866 trahe·
1117 808 1232 866 civitate
1250 807 1412 866 dolentium
1440 813 1530 882 atque
1558 807 1722 883 lugentium,
1748 815 1774 868 et
1786 811 1821 870 iu
1843 813 1888 886 ipsc

238 897 466 966 bantur,cibum
482 897 577 956 celare
586 901 741 954 tentantes.
751 897 892 954 iacebant
903 901 1000 954 autem
1011 913 1063 970 per
1117 899 1243 954 clamore
1257 898 1367 972 apertis
1390 898 1495 971 portis,
1523 897 1669 969 ingressus
1686 903 1728 958 est
1748 899 1818 956 'litus
1839 918 1889 958 cun

237 985 349 1059 plateas
358 987 502 1058 juvenum
516 1001 647 1060 corpora,
673 986 767 1060 magis
783 985 859 1042 lame
875 1003 962 1058 quam
979 991 1063 1043 state
1117 987 1250 1046 Romano
1277 985 1415 1055 exercitu,
1443 985 1519 1044 alios
1546 985 1640 1059 gladio
1669 986 1815 1060 trucidavit,
1837 988 1889 1046 alica

237 1079 420 1148 consumpta.
433 1075 1062 1148 Sepelineeutemmortuorumcorpcra,nac
1117 1074 1185 1148 igne
1210 1076 1383 1144 combussit,
1410 1076 1534 1148 iuvenes
1548 1091 1661 1148 quoque
1680 1075 1715 1146 iu,
1735 1075 1889 1148 captivitatem

236 1163 424 1220 morientium
447 1163 615 1232 multitudo,
632 1181 684 1219 nec
709 1163 815 1220 virium
837 1163 973 1220 debilitas
996 1181 1060 1236 per·
1116 1163 1282 1220 destinavit.
1309 1165 1406 1236 ipsam
1429 1181 1497 1220 vcro
1523 1164 1657 1224 urbemn
1679 1163 1848 1225 laudamentis
1862 1166 1891 1221 ita

235 1253 379 1309 mittebat.
396 1253 479 1308 Multi
495 1253 667 1321 enim,dum
679 1253 834 1309 charorum
846 1267 967 1326 corpora
979 1269 1060 1325 seps·
1116 1253 1268 1322 destruxit,
1299 1257 1331 1309 ut
1355 1254 1442 1326 juxis
1469 1252 1585 1310 Domini
1613 1269 1716 1317 vocem.
1750 1270 1799 1308 non
1828 1253 1890 1310 relin·

234 1341 286 1397 lire
297 1341 413 1410 vellent,
424 1341 546 1413 spiritus
557 1342 738 1398 emittebant.
753 1341 885 1414 Cumque
897 1341 968 1398 letor
984 1343 1061 1398 into·
1116 1347 1255 1414 queretur
1285 1342 1313 1398 in
1342 1359 1376 1398 ea
1404 1341 1479 1414 lapis
1507 1358 1596 1414 super
1629 1339 1756 1414 lapidem.
1782 1341 1890 1416 larujus

234 1430 364 1486 larabilis
374 1432 410 1486 de
421 1435 604 1488 mortuorum
616 1432 804 1488 cadaveribus
814 1429 843 1486 in
855 1429 970 1487 civitate
983 1447 1060 1486 cres·
1115 1431 1313 1488 destructione
1324 1431 1476 1504 impletum
1488 1431 1620 1503 estquod
1633 1429 1829 1490 Dominusclim
1839 1432 1891 1504 igu-

234 1537 299 1577 cere
310 1521 456 1594 coepisset,
465 1525 546 1578 entre
559 1537 658 1577 muros
670 1521 770 1576 eadem
781 1519 934 1592 ejiccbont.
947 1521 982 1578 Et
993 1538 1059 1576 cum
1116 1525 1177 1578 rate
1188 1537 1238 1594 per
1253 1520 1429 1578 Ezechielem
1447 1519 1617 1593 prophetam
1628 1518 1793 1593 praedixerat,
1806 1519 1890 1577 diceas:

234 1608 361 1679 qrradem
376 1609 423 1664 dic
438 1609 532 1677 Titus,
545 1625 632 1681 quem
648 1613 730 1681 peter
744 1609 866 1664 lloruam
882 1626 1015 1666 reversus
1030 1610 1058 1664 in
1115 1633 1129 1661 «ι
1146 1611 1180 1666 st
1195 1614 1236 1679 tu,
1255 1608 1293 1666 llli
1306 1609 1444 1678 bominis,
1456 1625 1539 1665 sume
1551 1609 1604 1664 tibi
1619 1607 1741 1682 gladium
1751 1613 1891 1676 acutumra·

233 1697 385 1755 obsidione
396 1697 660 1770 Hierosolymorum
674 1697 1060 1770 reliquerat,cnmmilitibus
1114 1700 1231 1756 dentem
1243 1698 1328 1771 pilos,
1337 1703 1366 1754 et
1376 1699 1464 1754 duces
1479 1713 1547 1755 eum
1563 1715 1615 1770 per
1629 1701 1715 1770 rapui
1726 1702 1798 1755 tuum
1811 1701 1835 1752 et
1846 1697 1890 1754 bar·

234 1786 338 1842 urbem
352 1785 497 1855 circuiret,
515 1786 617 1842 videns
633 1787 773 1842 cadavera
789 1791 970 1844 mortuorum
987 1805 1059 1860 pene
1114 1787 1194 1857 bam,
1209 1791 1237 1844 et
1252 1787 1368 1844 tertiam
1384 1791 1496 1860 purtem
1514 1787 1574 1860 igni
1590 1786 1749 1855 combures,
1763 1791 1788 1842 rt
1807 1787 1890 1842 baim

233 1891 319 1930 muro
334 1873 588 1946 civitatissquari,
604 1891 671 1932 cum
688 1874 796 1948 ingenti
814 1876 923 1949 gemitu
939 1875 1058 1934 elevatis
1075 1909 1097 1974 B
1115 1880 1226 1948 perlem
1242 1875 1339 1950 gladio
1368 1874 1513 1944 concides,
1544 1876 1660 1936 terb'sm
1688 1891 1749 1934 aero
1771 1875 1890 1948 partemin

235 1961 327 2020 oculis
342 1962 371 2018 in
388 1962 504 2030 caelum,
520 1967 610 2020 Deum
627 1963 740 2020 invocat
755 1967 869 2034 testem,
893 1964 947 2022 hoc
971 1983 1058 2022 suum
1112 1969 1231 2022 ventum
1242 1963 1436 2039 disperges‚et
1445 1964 1605 2038 evaginabo
1614 1963 1738 2039 gladium
1753 1980 1834 2022 meum
1846 1969 1891 2036 post

234 2067 308 2123 opus
324 2068 381 2108 uon
397 2067 471 2108 esse.
497 2051 717 2125 conversusque
739 2052 883 2110 militibus
899 2053 957 2110 ait:
973 2053 1060 2110 Arbi-
1112 2053 1335 2125 adeldredus).
1355 2077 1368 2102 n
1384 2053 1546 2110 Gonrmdat
1572 2057 1670 2112 autem
1689 2053 1771 2126 hujus
1789 2051 1890 2108 historic·

234 2143 305 2207 tror,
317 2139 388 2212 quia
400 2139 425 2195 si
440 2141 476 2199 alr
492 2140 546 2196 hac
561 2140 727 2214 pestilentia
742 2141 823 2198 urbis
839 2141 992 2214 paululum
1006 2143 1060 2198 lio
1112 2141 1215 2216 graphi
1239 2141 1395 2216 descriptio
1418 2159 1486 2198 cum
1508 2141 1606 2200 verbis
1623 2141 1779 2210 Suluatmis,
1792 2142 1832 2214 qui
1844 2157 1890 2196 cau

234 2243 340 2285 manus
355 2229 524 2288 recessisset
538 2230 745 2301 exercitus‚aut
756 2231 841 2302 aquis
856 2231 958 2287 diluuii
974 2249 1058 2288 neca·
1113 2230 1220 2288 menia
1243 2230 1369 2288 civitatis
1392 2231 1525 2300 vidisset,
1553 2231 1616 2288 ait:
1633 2231 1703 2286 Cum
1716 2229 1827 2288 videntis
1844 2228 1891 2283 ciri·

233 2323 343 2386 rentur,
359 2323 411 2374 aut
426 2319 625 2376 Sodomitenis
641 2318 761 2392 ignibus
783 2323 992 2388 cremarentur,
1009 2325 1060 2377 aut
1112 2321 1201 2374 tatem
1212 2319 1335 2392 hancssab
1346 2319 1473 2376 enercitn
1484 2319 1671 2388 circumdari,
1683 2317 1891 2390 scitotequiaprc·

232 2411 310 2464 certe
322 2407 403 2464 hiatu
416 2411 496 2464 terrae
512 2408 747 2464 absorberentur.
755 2407 789 2462 Ει
799 2422 866 2464 cum
882 2407 912 2462 in
927 2407 1058 2479 proximo
1112 2423 1148 2480 ps
1162 2411 1207 2463 est
1221 2407 1360 2465 desolatio
1375 2409 1449 2480 ejus.
1463 2429 1478 2458 a
1492 2408 1574 2464 'lunc
1583 2408 1635 2482 qui
1648 2408 1675 2464 in
1684 2407 1777 2464 iudae
1786 2411 1849 2473 sunt,
1861 2405 1890 2458 ln-

231 2513 402 2554 rcuessurus
412 2495 904 2564 essct‚iterumadversuscivitatem
915 2497 1059 2554 confortat
1112 2496 1193 2568 gient
1203 2495 1232 2552 in
1243 2501 1368 2560 montes.
1379 2497 1427 2552 Vre
1437 2500 1535 2552 autem
1547 2493 1891 2570 praeguantibusetuutrica·

232 2584 350 2656 milites,
366 2585 514 2642 custodias
530 2585 635 2654 munit,
651 2589 748 2642 armat
759 2585 1058 2659 exercitum,ctsuper
1111 2585 1192 2642 tibus
1204 2585 1232 2642 in
1250 2584 1310 2642 illis
1328 2585 1432 2642 diebus
1446 2590 1523 2656 (tue.
1539 2587 1611 2658 uxr).
1629 2609 1643 2636 n
1660 2587 1694 2642 st
1715 2585 1777 2642 alibi
1790 2583 1889 2656 legimur,

232 2674 293 2732 baec
310 2674 409 2732 omnia
424 2675 502 2735 mala
516 2675 667 2747 praedones
681 2691 715 2730 cx
730 2675 802 2747 ipsis
817 2675 888 2732 viris
903 2692 1055 2732 consnrre·
1111 2674 1180 2747 quia
1193 2691 1260 2732 cum
1271 2674 1406 2748 discipuli
1417 2674 1618 2732 ostendissent
1630 2673 1777 2735 eledilrcin
1791 2669 1889 2736 ririutis,

231 2769 342 2833 serant,
359 2763 408 2837 qui
425 2765 462 2820 ab
476 2763 549 2837 ipsis
567 2764 710 2831 faucibus,
725 2768 757 2820 ut
771 2763 811 2819 ite
826 2763 959 2833 dixerim,
975 2765 1055 2822 cibos
1110 2763 1203 2820 dixit:
1219 2763 1331 2820 Videtis
1346 2763 1406 2822 hec
1422 2763 1539 2824 omnia?
1557 2764 1729 2832 Amendieo
1741 2761 1820 2832 robis,
1831 2783 1841 2810 ι(
1851 2775 1888 2814 mu

230 2853 393 2926 rapiebant.
412 2853 447 2908 st
462 2853 486 2912 si
500 2853 669 2926 cujuspiam
684 2855 761 2910 l'orcs
773 2852 889 2910 clausas
902 2853 1053 2923 vidissent,
1111 2851 1291 2925 relinquetur
1306 2851 1380 2925 lapis
1390 2869 1478 2926 super
1488 2851 1630 2924 lapidem,
1642 2851 1692 2925 qul
1702 2851 1889 2910 uondcstruultr

230 2940 371 3000 iudicium
386 2959 451 2998 esse
465 2943 631 3010 credebant,
644 2942 721 3015 quod
739 2941 818 2998 intus
829 2940 915 3014 positi
925 2943 1053 2999 ederent:
1110 2945 1210 3010 (Marc.
1225 2943 1297 3014 narr).
1311 2963 1324 2991 a
1340 2941 1380 2996 Ex
1395 2957 1455 3013 qua
1470 2944 1567 2998 autem
1586 2958 1676 3000 ceusu
1690 2941 1768 3001 ruina
1784 2935 1888 3011 praedltlt

231 3035 260 3086 ct
275 3035 392 3103 repente
407 3029 560 3088 confractis
584 3031 697 3088 loribus
713 3029 884 3098 insilientes,
909 3031 1054 3104 quidquid
1110 3030 1218 3086 civitati
1228 3030 1392 3104 contigerit,
1403 3029 1545 3086 Dominus
1555 3031 1734 3098 manifestat,
1746 3044 1803 3088 erim
1814 3025 1888 3096 adjun-
1934 3079 1935 3089 ,

230 3119 359 3178 inuenire
380 3123 522 3192 poterant,
539 3121 702 3194 rapiebant.
719 3120 775 3178 Sed
789 3120 861 3192 quio
874 3120 995 3194 longum
1011 3125 1055 3178 εει
1109 3119 1168 3193 git:
1187 3143 1201 3172 «
1218 3121 1257 3178 Eo
1271 3119 1350 3192 quod
1370 3135 1428 3176 non
1443 3119 1615 3193 cognoveris
1630 3124 1743 3192 tempus
1755 3110 1888 3174 visitationis
1933 3153 1934 3183 ,

231 3225 401 3268 enumerare
413 3209 513 3266 omnia
528 3211 614 3278 mala,
630 3225 694 3282 qnae
716 3207 825 3266 iudeis
840 3226 891 3282 pro
913 3210 1054 3267 effusione
1110 3231 1124 3260 a
1142 3213 1207 3264 tuae.
1217 3231 1230 3258 n
1242 3207 1589 3281 Hancquipp'eDcminus
1599 3201 1887 3282 perinoamaticnissue
1932 3263 1933 3275 χ

230 3297 374 3356 Dominici
390 3299 749 3372 sanguiniscontigerunt,
766 3297 1002 3369 qualitereadcm
1018 3277 1090 3354 ci-C
1109 3296 1281 3370 mysterium
1295 3295 1434 3363 visitarit,
1452 3296 1711 3368 quandoexcelsus
1725 3287 1887 3384 bausbcnilis
1931 3347 1932 3367 ,

227 3387 302 3444 vitas
318 3392 404 3459 capta
419 3387 467 3453 sit,
484 3387 609 3444 breviter
622 3388 911 3442 commemorandum
930 3387 1053 3444 ridetur.
1108 3385 1196 3441 homo
1212 3385 1433 3441 interbcmines
1448 3401 1606 3458 apparens,
1623 3385 1714 3444 multa
1727 3385 1800 3458 signa
1811 3383 1833 3436 et
1849 3391 1886 3432 ur
1930 3425 1931 3461 ,

227 3473 539 3547 Eratenimquadem
555 3473 910 3542 mulierMariancmine,
927 3473 1053 3532 Eleazari
1107 3473 1208 3530 recula
1222 3473 1358 3530 ostendit.
1375 3474 1467 3539 Quam
1480 3472 1680 3530 visitationem
1692 3473 1798 3546 optabat
1810 3467 1886 3524 ridere
1929 3533 1930 3553 Χ

227 3560 298 3632 salia,
314 3561 423 3618 nobilis
437 3576 551 3634 genere,
578 3561 767 3618 facultatibus
787 3561 878 3626 dives,
895 3561 956 3618 laec
983 3580 1051 3621 cum
1106 3562 1157 3635 qui
1173 3563 1288 3620 dicebat
1302 3581 1308 3618 :
1320 3585 1333 3613 c
1345 3561 1491 3618 Memento
1502 3563 1608 3630 nostri,
1620 3560 1774 3626 Domiuein
1786 3549 1885 3626 beneplr·
1928 3605 1929 3647 ,

226 3653 329 3706 cetere
356 3649 544 3706 multitudine
574 3650 703 3706 addicm
734 3649 842 3706 festum
858 3657 1048 3712 convenerat:
1105 3641 1885 3724 citopopuliterminaresinsatuuntnoirntcvlo
1927 3703 1928 3739 ,

225 3737 1051 3810 cumquediuturnaobsidioneomniaquesecumdetu-
1104 3739 1184 3798 lianc
1205 3740 1293 3796 ctiam
1315 3739 1492 3812 inproximo
1513 3745 1710 3816 prospexerat,
1739 3737 1782 3811 qui
1806 3731 1885 3790 ciebat:
1926 3785 1927 3833 ,

223 3824 296 3882 leret
311 3826 553 3899 consumpsisset,
571 3828 674 3900 etjam
689 3827 811 3884 delicata
827 3829 937 3886 viscera
956 3829 1048 3890 temes
1103 3852 1117 3880 α
1136 3829 1309 3888 benedictus
1327 3829 1468 3886 Dominus
1480 3829 1558 3888 Deus
1573 3830 1674 3897 lsrael,
1689 3817 1885 3903 qnlcrisilaritel

221 3918 379 3986 torqueret,
396 3917 605 3990 eontraipsam
621 3917 1046 3990 agiturnaturanr.llratenim
1102 3918 1173 3976 lecit
1184 3917 1415 3991 redemptionem
1439 3917 1534 3991 plebis
1549 3935 1611 3975 sum
1626 3923 1702 3988 (tec.
1718 3913 1810 3984 uuiti).
1825 3903 1882 3962 εδει]

221 4004 277 4060 sub
289 4005 429 4062 uberibus
439 4005 578 4078 parvulus
593 4006 682 4076 lilius,
698 4005 776 4064 huno
786 4011 852 4064 ante
863 4007 962 4065 oculos
977 4025 1046 4066 suos
1100 4011 1217 4080 tempus
1226 4006 1402 4064 visitationis
1416 4023 1476 4063 suas
1491 4007 1620 4081 superba
1634 4007 1734 4064 ciuitas
1748 4019 1798 4060 uon
1808 4009 1883 4069 rutil·

219 4093 410 4164 constituens,
440 4095 497 4152 ait:
514 4095 717 4153 infelicissima
744 4101 878 4165 maican
903 4097 1047 4156 infelicior
1099 4087 1882 4169 necquicquamnominemvidinuccmcrcderedeu·
1922 4111 1923 4114 ’

220 4181 272 4249 lili,
289 4182 318 4238 in
336 4182 421 4250 bello,
438 4184 515 4240 lame
529 4188 558 4240 et
572 4183 735 4257 direptione
749 4186 930 4257 praedonum,
955 4187 1002 4243 cui
1017 4191 1045 4244 tc
1098 4182 1149 4239 nit.
1162 4184 1206 4240 Ad
1217 4185 1302 4257 cujus
1313 4183 1450 4240 duritiem
1461 4183 1677 4256 incredulitatis
1688 4173 1883 4242 murinccndau.

219 4271 395 4328 reservabo?
408 4271 481 4329 Nam
498 4276 527 4328 et
540 4273 564 4329 si
580 4273 638 4329 vita
652 4274 760 4346 sperari
785 4279 893 4346 posset,
912 4275 985 4348 jugo
1001 4279 1044 4332 ta·
1097 4271 1371 4330 etiamnvescoeliin
1383 4271 1587 4329 testimonium
1598 4273 1840 4338 deducuntur,rum
1849 4270 1883 4330 W

218 4376 285 4416 men
301 4359 439 4416 Romanoa
455 4362 604 4418 servitutis
624 4378 772 4434 urgemur.
790 4361 861 4418 Veni
875 4379 954 4436 ergo,
971 4381 987 4420 o
1003 4365 1043 4420 mi
1098 4361 1271 4434 Prophetem
1287 4361 1410 4418 dicitur:
1428 4385 1442 4411 a
1460 4360 1567 4418 Milvus
1581 4361 1612 4418 iu
1623 4360 1695 4418 coelo
1710 4351 1882 4432 cognovitne·

217 4453 359 4516 nste,estc
370 4451 515 4507 matribus
526 4451 624 4507 saculi
635 4451 743 4518 tabula,
756 4451 940 4523 predonibus
951 4453 1040 4512 lurcr.
1095 4467 1151 4523 pus
1166 4467 1265 4520 suum,
1276 4454 1374 4506 turtur
1382 4454 1411 4506 et
1421 4449 1547 4506 hirundo
1558 4454 1587 4507 et
1597 4448 1709 4508 ciconia
1718 4435 1881 4506 cusndicnet

217 4537 450 4608 antecurrens,
467 4539 560 4596 filium
571 4539 700 4613 jugulat,
717 4545 831 4613 partem
847 4541 914 4613 igne
929 4547 1041 4600 torrens
1094 4543 1211 4613 tempus
1226 4539 1368 4596 adventus
1383 4538 1439 4608 sui,
1454 4539 1581 4612 populus
1597 4544 1696 4598 autem
1708 4550 1784 4593 mens
1796 4543 1840 4586 acu
1851 4536 1881 4577 ts>

215 4627 351 4696 coneedit,
363 4633 389 4684 et
406 4635 518 4700 partem
535 4629 726 4701 inposterum
741 4631 1041 4704 reservavittinmquc
1055 4647 1078 4712 D
1094 4629 1193 4702 gnoait
1216 4628 1364 4701 judicium
1392 4627 1508 4684 Domini
1538 4629 1603 4700 (ier.
1619 4632 1691 4697 vni).
1707 4647 1720 4676 n
1741 4624 1772 4682 ut
1786 4621 1879 4674 iterun:

214 4717 250 4773 ob
266 4717 383 4776 odorem
400 4719 510 4774 adesus
526 4719 622 4774 carnis
638 4719 789 4792 predones
799 4735 833 4774 ex
844 4735 924 4776 more
938 4720 1039 4778 alluis-
1093 4741 1107 4767 o
1125 4717 1264 4790 Cognovit
1279 4717 1331 4776 bos
1345 4733 1545 4790 possessorem
1561 4733 1662 4790 suum,
1686 4719 1715 4772 et
1732 4710 1818 4770 asiam
1829 4713 1879 4774 ll*

213 4810 287 4875 seut,
304 4811 428 4864 mortem
445 4807 550 4864 minari
566 4813 725 4880 coeperunt,
751 4807 808 4864 nisi
828 4825 902 4879 quos
917 4811 1040 4866 abscon·
1094 4822 1162 4880 seps
1178 4805 1458 4873 dominisui‚1sreel
1472 4810 1571 4862 autem
1586 4822 1634 4864 me
1647 4821 1705 4862 nou
1716 4794 1880 4874 cognocitur

213 4895 304 4962 deret,
329 4898 496 4952 ostenderet
510 4897 600 4954 cibos.
616 4900 653 4952 At
668 4895 719 4952 illa
733 4896 896 4956 truculento
910 4897 991 4956 vultu
1006 4917 1040 4956 ex
1093 4894 1181 4968 pulus
1197 4911 1280 4952 meus
1293 4912 1339 4952 me
1350 4912 1408 4952 uon
1419 4893 1562 4952 intellexit
1575 4897 1642 4964 (lan.
1658 4895 1687 4966 r).
1703 4913 1717 4943 n
1732 4889 1783 4961 Neu
1795 4879 1878 4976 Sillim·

213 4981 285 5050 ipsis
298 4985 485 5053 praedonibus
496 4981 744 5059 tristicnpartcm,
753 4985 946 5059 ait,cptimam
957 4989 1039 5046 vobis
1093 4985 1179 5040 modo
1189 5001 1242 5057 per
1253 4983 1436 5056 praesentiam
1453 5001 1513 5040 suae
1527 4979 1801 5044 incarnationisean
1809 4968 1879 5024 visi*

213 5072 364 5126 reseruari.
380 5073 414 5126 lit
429 5073 490 5130 hoec
506 5075 616 5143 dicens,
640 5075 850 5147 membraque
866 5081 1038 5148 supererant
1090 5073 1141 5142 vit,
1158 5073 1209 5128 sed
1225 5077 1292 5146 post
1306 5089 1390 5131 suam
1406 5073 1608 5132 escensionem
1617 5069 1710 5130 multa
1721 5061 1877 5138 signnctptt

212 5155 320 5211 detexit
333 5158 465 5215 infantis.
480 5163 611 5235 Cumque
627 5165 778 5236 predones
792 5165 948 5236 stupefacti
971 5170 1035 5222 tan·
1092 5165 1183 5231 tenta,
1195 5165 1335 5218 uteorum
1346 5177 1395 5220 cor
1404 5163 1441 5218 ad
1453 5161 1654 5237 poenitentiam
1666 5147 1877 5216 contimtum·

211 5246 274 5298 tum
289 5245 404 5303 lacinus
428 5251 659 5318 pertimuissent,
675 5253 716 5308 uit
732 5269 738 5309 :
753 5257 833 5308 tleus
854 5257 900 5310 est
923 5258 1034 5326 partus,
1090 5251 1220 5308 ditNem
1232 5255 1265 5308 ut
1275 5251 1353 5308 idem
1363 5250 1618 5326 historiographus
1629 5249 1723 5316 refert,
1734 5255 1792 5300 cum
1802 5241 1875 5332 llfm'

210 5347 293 5387 meus
309 5334 490 5401 filius‚mcus
501 5345 545 5394 est
555 5341 638 5397 cibus
650 5341 810 5407 cttboiuus,
825 5343 1033 5400 mecumedits.
1089 5341 1157 5398 dam
1172 5340 1359 5398 testivitatem
1385 5339 1587 5411 celebrarant,
1599 5339 1697 5398 subita
1719 5325 1876 5418 comm⁰l¹⁰¹¹⁰

208 5420 281 5476 Nam
297 5437 350 5494 ego
365 5423 445 5494 prior
459 5429 580 5494 comedi,
597 5446 661 5500 quer
679 5429 889 5502 gonuib'olitc
904 5449 969 5487 esse
984 5437 1034 5489 sut
1088 5429 1165 5486 lecte
1180 5430 1210 5486 in
1225 5427 1332 5503 populo
1344 5427 1525 5498 ludaeorum,
1542 5429 1663 5502 triginta
1675 5421 1761 5486 millia
1773 5415 1875 5494 excissi
1907 5423 1909 5503 l

207 5515 300 5570 metra
316 5509 524 5584 religiosiores,
543 5523 593 5572 aut
608 5517 716 5574 t'emina
736 5518 892 5576 molliores.
909 5521 1032 5583 Quodsi
1087 5524 1189 5576 mutuo
1200 5518 1584 5578 interfeceruntNoctevcro
1598 5515 1724 5592 quadam
1733 5486 1873 5566 semteupl
1907 5515 1908 5595 l

203 5616 256 5662 uos
269 5600 362 5674 pietas
376 5601 476 5672 vineit,
491 5607 682 5662 exsecramini
694 5624 776 5666 meos
787 5609 877 5668 cibos.
894 5613 951 5682 ligo
966 5625 1030 5682 qnae
1085 5608 1278 5680 nominique
1289 5607 1335 5664 vix
1345 5606 1473 5680 aviginti
1485 5607 1554 5664 viris
1563 5604 1672 5668 moveri
1684 5581 1872 5676 perculsum
1906 5603 1907 5689 l

202 5690 313 5752 talibus
328 5697 413 5768 peste
425 5709 502 5766 sum,
513 5694 622 5772 egebis
633 5694 739 5754 iterum
752 5713 865 5772 pascar.
876 5698 910 5754 At
922 5696 962 5756 illi
978 5697 1029 5757 dc·
1083 5701 1212 5759 reserata
1226 5700 1280 5755 est.
1296 5695 1345 5755 bie
1360 5695 1591 5773 quadam-vitula
1612 5683 1756 5754 sacrificiis
1772 5671 1869 5738 canole
1905 5695 1906 5781 p
