4034 6180
106 409 165 506 err
343 410 345 418 ’
599 445 650 508 nn
673 443 1277 548 vsainvsrauranoaon.-a1s.
1300 444 1327 508 1.
1514 449 1516 454 ’
1754 443 1815 510 ars

105 576 222 634 similes
237 581 369 647 emutat
379 577 468 636 simul
480 595 547 636 cum
559 579 617 636 Deo
628 596 682 638 suo
693 579 756 636 sine
766 580 824 636 llne
835 596 936 652 regna-
949 583 977 649 Α
991 579 1048 636 bus
1063 579 1162 638 unitos
1177 577 1338 636 charitatis.
1355 577 1457 652 (Grau.)
1472 575 1610 646 Quamvis
1626 575 1655 634 in
1672 575 1723 634 illa
1737 577 1818 636 retri-

104 667 188 722 bunt.
203 666 284 733 Quod
296 666 343 723 hic
353 668 551 740 crediderunt,
566 667 608 727 ibi
622 669 774 737 videbunt,
789 667 835 726 aui
851 668 933 725 Creu·
987 668 1108 726 batione
1124 671 1264 743 perpetua
1278 682 1313 724 ea
1327 665 1457 741 dignitas
1471 664 1610 723 omnibus
1625 681 1683 723 non
1698 665 1748 733 eit,
1758 680 1818 722 aaa

104 755 177 812 toris
191 755 388 813 substantiam
404 757 524 814 mundis
539 757 677 814 cordibus
692 755 933 831 contemplantes,
988 761 1086 813 tamea
1097 757 1153 814 erit
1163 755 1302 814 omnihus
1312 753 1704 814 vitabeatitudinls.Undeet
1713 769 1818 829 perse·

101 849 211 901 aterne
226 842 420 902 exsultatione
429 844 610 919 gaudebunt.
620 843 779 902 Dilectione
792 844 891 901 divina
901 860 934 901 ao
988 845 1148 920 metipsum
1158 843 1523 902 bominusaicitzlndomo
1533 843 1818 902 Patricmeimcoeic·

100 938 207 991 mutua
222 933 415 992 delectatione
439 935 567 1009 possessi
592 935 650 992 Dec
666 951 719 992 suo
734 934 764 992 in
780 937 933 1002 veternum,
987 935 1213 993 neamaltaerant
1225 932 1455 1008 (Jocc.x1v),sed
1465 937 1563 990 temen
1573 931 1739 1006 quiineam
1749 947 1816 992 eon·
1886 927 1890 940 '

100 1028 130 1079 et
145 1021 270 1080 invimm
281 1022 338 1079 sibi
351 1021 472 1080 feliciter
480 1023 680 1093 adhaerebunt,
690 1024 754 1082 etin
765 1022 816 1079 illa
826 1027 933 1080 eterna
988 1020 1764 1096 ductisunt‚qoamvisdivereishorirveaerint,unum
1772 1025 1816 1080 ts·

100 1110 161 1168 vita
171 1127 275 1168 omnes
288 1111 382 1168 sancti
393 1113 487 1169 Deum
497 1095 648 1180 videbunt,
661 1113 710 1170 ubi
723 1113 786 1170 sine
797 1112 854 1168 llne
863 1129 933 1186 gau·
988 1109 1815 1185 mendenariumperceperunt.Quaitoquerationeconve·

102 1199 224 1257 debunt.
235 1200 278 1257 lbi
293 1200 476 1273 gaudebunt,
488 1200 537 1258 ubi
554 1201 707 1274 premium
721 1201 911 1274 reportabunt
923 1219 930 1258 ε
986 1201 1070 1258 niant
1080 1202 1249 1259 mensiones
1260 1200 1358 1258 multe
1369 1217 1436 1257 cum
1447 1217 1505 1258 unc
1516 1199 1656 1257 denario?
1671 1199 1728 1258 nisi
1743 1199 1813 1272 quis

102 1289 297 1361 ibirecepturi
309 1293 380 1346 sunt
389 1289 554 1363 premium,
564 1290 613 1346 ubi
624 1307 682 1346 non
694 1289 788 1347 solum
799 1288 931 1358 devictis,
986 1291 1105 1348 diverses
1121 1291 1241 1364 quidem
1255 1291 1407 1348 beatorum
1421 1289 1529 1347 civium
1541 1289 1699 1364 dignitates
1714 1292 1811 1359 erunt,

102 1379 155 1435 sed
170 1377 259 1434 etiam
273 1375 366 1436 finitis
381 1377 515 1436 hostibus
526 1377 751 1452 triumphabunt
763 1396 769 1434 ι
781 1379 821 1435 ihi
831 1379 932 1434 triurn-
986 1380 1451 1454 sedtamenunarequiesaeternae
1460 1377 1811 1436 retributionisNametsi

101 1467 237 1541 pbabunt
253 1465 302 1522 nbi
314 1466 438 1524 ulterius
449 1467 648 1524 adversarium
659 1484 717 1524 non
728 1466 931 1524 timebunt.lbi
986 1469 1087 1542 dispar
1097 1471 1153 1527 erit
1163 1469 1300 1526 meritum
1311 1468 1505 1543 singulomm,
1515 1483 1573 1526 non
1588 1469 1644 1524 erit
1657 1467 1811 1526 diversitas

101 1557 302 1614 humanorum
318 1561 506 1630 peccatorum
520 1560 602 1614 tante
616 1561 645 1613 ct
660 1560 720 1613 tam
736 1556 864 1630 perlecta
877 1555 932 1612 erit
985 1553 1812 1631 gaudiorumouiaetsialterminus,atquealiusamplius

101 1645 260 1715 munditia,
274 1651 306 1702 ut
321 1646 449 1704 habeant
465 1647 541 1703 unde
557 1645 725 1703 mundatori
737 1662 790 1703 suo
802 1646 858 1702 Deo
868 1661 933 1719 gra·
985 1643 1812 1720 exaltatur,omnestamenunumgoudiumdeConditcris

100 1735 158 1792 tias
174 1739 274 1809 agant,
290 1753 350 1794 uon
365 1737 442 1793 unde
458 1736 559 1792 ollensi
576 1735 726 1808 aliquibus
745 1738 930 1809 peecatorum
986 1735 1033 1792 sui
1043 1735 1153 1794 visione
1166 1735 1295 1792 laetificat
1306 1750 1313 1792 z
1326 1739 1355 1792 et
1364 1734 1456 1792 semel
1466 1732 1547 1791 illius
1562 1734 1652 1792 beate
1662 1733 1727 1792 vita
1741 1731 1812 1792 lacti

98 1825 239 1882 sordibus
257 1825 441 1883 erubeseunt.
459 1824 559 1898 (Gran.)
576 1824 649 1890 Quia
664 1823 704 1881 ihi
721 1841 773 1880 neo
788 1822 849 1880 ulla
864 1839 929 1896 peo-
985 1825 1151 1899 participes,
1163 1824 1376 1898 inexplebiliter
1386 1829 1535 1882 auctorem
1550 1823 1740 1881 beatitudinis
1751 1839 1812 1881 sue

99 1909 175 1980 cate,
193 1929 246 1970 nec
269 1917 437 1988 peccatores
461 1917 557 1984 erunt,
574 1917 602 1970 et
625 1913 676 1985 qui
691 1912 731 1968 ibi
748 1911 856 1969 inerint
866 1913 929 1983 Jam
985 1914 1179 1989 conspiciunt.
1197 1915 1232 1970 tlt
1247 1913 1351 1971 merito
1366 1930 1426 1970 sure
1440 1911 1609 1972 stabilitatis
1623 1911 1653 1968 in
1668 1915 1812 1970 eternum

99 2017 222 2077 peccare
237 2019 295 2059 uon
310 2004 457 2076 poterunt.
466 2002 507 2059 lbi
524 2001 603 2058 anim
613 2001 787 2075 gaudent,et
798 2001 862 2064 sine
872 2000 930 2058 llne
984 2003 1083 2062 lelices
1096 2003 1201 2073 ellecti,
1217 2004 1253 2061 de
1269 2020 1324 2060 sua
1338 2001 1544 2077 permansione
1558 2001 1652 2059 securi
1668 2003 1749 2070 sunt,
1759 1999 1811 2073 qui

98 2091 282 2166 gaudebunt.
307 2090 351 2148 lbi
374 2089 536 2165 hymnidici
553 2090 723 2165 angelornm
738 2089 829 2160 chori,
845 2089 886 2147 ihi
902 2093 931 2146 et
983 2107 1136 2150 summum
1150 2091 1337 2166 solidumque
1352 2091 1505 2166 gaudium,
1522 2105 1580 2165 quo
1599 2087 1813 2163 inexplebiliter

97 2180 225 2237 societas
241 2195 437 2254 supernorum
453 2179 570 2249 civium,
586 2179 627 2238 ibi
650 2178 745 2237 dulcis
759 2178 930 2236 solemnitas
983 2182 1183 2256 perfruuntur,
1201 2182 1237 2238 de
1260 2181 1360 2238 diviua
1373 2178 1619 2254 contemplatione
1633 2176 1811 2252 percipiunt,

98 2267 373 2342 apersgrinationis
386 2267 476 2340 hujus
487 2268 562 2324 tristi
574 2267 674 2324 labore
684 2267 929 2324 redeuntiumlbi
984 2288 1017 2329 ao
1032 2277 1090 2328 Deo
1105 2287 1158 2328 suo
1170 2268 1391 2343 infatigabiliter
1400 2273 1430 2326 et
1439 2271 1573 2327 amanter
1584 2267 1757 2327 inserviunt.
1767 2264 1811 2324 lta

98 2356 214 2430 providi
231 2356 441 2430 prophetaram
454 2356 545 2426 chori,
562 2355 602 2413 ibi
618 2356 712 2428 judex
730 2355 929 2430 apostolorum
983 2360 1109 2434 perlecta
1123 2360 1210 2430 beati,
1227 2363 1261 2417 ut
1275 2375 1328 2416 nec
1342 2358 1464 2432 cupiant
1484 2355 1630 2416 beatiores
1653 2355 1717 2414 lleri
1732 2353 1811 2412 ultra

98 2443 304 2514 numerus,ibi
314 2443 574 2502 innumerabilium
583 2445 930 2518 martyrumvictorexer
983 2465 1036 2506 nce
1050 2448 1175 2520 valeant.
1190 2447 1253 2504 ltrit
1266 2448 1345 2504 enim
1360 2446 1419 2503 illis
1433 2446 1465 2502 in
1478 2443 1531 2502 illa
1544 2447 1630 2503 beata
1643 2441 1748 2518 patria,
1765 2442 1809 2501 in·

97 2537 187 2601 citus,
203 2537 286 2591 tanto
299 2533 360 2590 illie
374 2533 475 2603 latior,
487 2536 596 2606 quanto
610 2533 658 2590 hic
673 2534 776 2590 durius
790 2534 927 2591 olllictus.
983 2536 1118 2594 tellectus
1133 2537 1196 2594 sine
1210 2539 1329 2604 terrore,
1341 2536 1483 2592 memoria
1496 2535 1561 2591 sine
1572 2531 1727 2602 oblivione,
1735 2529 1814 2605 cogi·

96 2624 139 2682 lbi
155 2623 359 2680 confessorum
374 2622 541 2680 constantia
555 2621 668 2696 praemli
680 2621 726 2680 sui
746 2621 929 2696 perceptione
983 2627 1055 2683 tatio
1070 2627 1134 2684 sine
1148 2623 1363 2699 pervagatione,
1380 2622 1507 2680 charitas
1523 2622 1587 2678 sine
1611 2619 1810 2698 simulatione,

96 2711 261 2774 consolata.
277 2711 319 2770 lbi
336 2709 437 2772 fideles
452 2711 506 2768 viri
524 2728 599 2784 quos
612 2729 629 2768 a
642 2709 798 2768 viriditatis
813 2727 867 2767 suo
882 2727 928 2767 ro·
983 2732 1089 2772 sensus
1103 2715 1166 2772 sine
1181 2711 1349 2783 offensione,
1365 2709 1554 2768 incolumitas
1570 2709 1634 2766 sine
1648 2707 1809 2780 debilitate,

96 2803 167 2858 hore
181 2799 320 2874 voluptas
335 2799 434 2856 saculi
447 2799 577 2858 emollire
588 2817 646 2857 uon
657 2798 811 2872 potuit.lbi
821 2804 928 2856 sanctas
985 2803 1066 2862 salus
1081 2803 1145 2861 sine
1160 2801 1337 2872 dolore,vita
1348 2800 1413 2857 sine
1427 2797 1663 2869 mortatacititas
1678 2796 1741 2854 sine
1755 2795 1812 2854 im·

96 2889 311 2962 mulieresque
320 2905 388 2945 cum
397 2888 503 2946 seculo
512 2888 930 2962 sexumvicernnthrosp.)lbi
983 2895 1160 2967 pedimentn,
1175 2891 1315 2948 saturitas
1338 2889 1402 2947 siue
1423 2887 1553 2958 fastidio,
1568 2892 1598 2946 et
1617 2890 1680 2946 tcta
1698 2883 1809 2944 sanitas

97 2977 930 3052 pueri‚qnihicanncssnosmoribustranscenderuntlbi
983 2983 1046 3040 sine
1062 2983 1175 3042 morbol
1183 2981 1225 3038 lbi
1240 2997 1293 3037 nec
1308 2979 1393 3037 lletos
1409 2977 1487 3036 ullus
1501 2979 1598 3052 potest
1612 2993 1687 3047 esse,
1698 2991 1752 3034 nec
1762 2990 1810 3049 ga·

97 3083 197 3137 senes,
210 3083 285 3140 quos
300 3066 348 3124 hic
360 3070 430 3124 aetas
445 3065 555 3123 debiles
570 3065 705 3136 reddidit,
715 3068 745 3122 et
758 3065 850 3122 virtus
865 3083 930 3140 ope
984 3071 1084 3128 mitus.
1100 3071 1257 3129 Habebunt
1269 3069 1311 3127 ibi
1326 3085 1428 3126 omnes
1442 3067 1537 3126 sancti
1560 3081 1690 3124 amorem
1714 3063 1811 3139 perle-

98 3157 141 3216 ris
153 3173 214 3214 non
230 3154 359 3229 reliquit.
375 3154 418 3212 lbi
434 3153 603 3229 quicunque
617 3158 714 3224 erant,
727 3154 781 3211 etsi
797 3154 930 3212 dilleren·
984 3164 1075 3232 etum,
1091 3161 1225 3218 timorem
1241 3156 1519 3232 nullum,gaudlum
1534 3156 1756 3230 sempiternum.
1766 3152 1810 3211 lbi

97 3245 181 3304 tibus
196 3244 308 3304 meritis
324 3245 359 3301 ab
375 3244 498 3302 invicem
519 3245 678 3314 distabant,
704 3261 806 3300 omnes
829 3247 927 3301 tamen
983 3242 1808 3322 eritvoluntasreeta,oupiditaanullaouoniamlruendo

98 3353 161 3392 una
176 3333 352 3408 perfectione
366 3333 444 3391 beati
458 3339 554 3392 erunt
578 3334 654 3399 Quia
666 3333 793 3407 singulis
808 3333 928 3408 premia
943 3320 965 3389 C
982 3338 1151 3398 ooeleatibns
1166 3337 1306 3406 bonis,ad
1323 3353 1388 3410 quas
1402 3335 1551 3410 pervenire
1565 3329 1809 3409 cupiebant,nihil

97 3440 155 3480 sua
180 3421 346 3482 sufficentia
369 3425 465 3487 erunt,
481 3425 510 3480 et
524 3438 626 3496 capere
650 3419 777 3496 amplius
800 3421 929 3497 premiis
982 3422 1809 3501 eisdearitquodulteriusconunpisaant,etittiperpetua

97 3512 164 3569 suis
176 3512 240 3584 jam
257 3511 376 3586 perlecti
389 3528 447 3568 non
464 3514 617 3584 poterunt:
629 3514 658 3567 et
668 3510 697 3566 in
707 3509 757 3566 illa
767 3513 849 3568 tanta
861 3511 928 3567 bea·
982 3516 1100 3592 regione
1115 3516 1282 3574 securitatis
1296 3533 1330 3573 nc
1342 3515 1423 3589 pacis
1433 3512 1715 3588 perlectebeati,nec
1725 3510 1809 3568 timc-

96 3601 240 3659 titudinis
256 3600 373 3673 regione
388 3615 441 3657 nec
456 3602 569 3673 majora
584 3600 688 3657 merita
702 3599 759 3657 sibi
769 3600 876 3674 aliquis
886 3617 930 3657 an·
983 3607 1024 3664 pis
1040 3604 1177 3664 stimulos
1190 3605 1305 3678 passuri
1321 3608 1400 3672 sunt,
1416 3619 1470 3660 nec
1481 3601 1601 3660 doloris.
1621 3601 1665 3660 lbi
1679 3601 1735 3660 erit
1746 3616 1809 3660 om·

97 3688 228 3764 rogabit,
240 3689 309 3763 quia
320 3688 488 3764 arrogantie
498 3689 538 3746 ibi
550 3688 632 3746 nulla
643 3687 712 3746 erit:
723 3705 775 3747 neo
786 3689 929 3763 superiori
984 3697 1067 3754 nium
1083 3694 1213 3753 fidelium
1228 3685 1439 3752 catholicorum
1453 3691 1536 3750 salus
1555 3690 1651 3766 plana,
1666 3687 1810 3763 corrupti-

97 3778 222 3837 inlerior
237 3778 388 3848 invidebit,
410 3778 480 3851 qnia
494 3777 603 3835 invidia
618 3777 660 3834 ibi
674 3794 738 3835 esse
753 3794 812 3835 non
825 3779 930 3852 poterit
983 3785 1082 3842 bilitas
1097 3783 1188 3852 nulla,
1197 3786 1226 3842 et
1239 3782 1447 3841 immortalitas
1457 3783 1552 3840 beata,
1562 3781 1607 3840 phi
1619 3780 1676 3840 (πη
1686 3779 1813 3854 prum.

96 3869 134 3926 Εἰ
148 3867 216 3924 ideo
232 3866 257 3924 si
271 3866 313 3923 ibi
328 3868 383 3924 elli
398 3867 539 3924 distantia
552 3866 751 3940 mansionum,
767 3883 885 3923 stimma
899 3867 930 3922 in
983 3873 1031 3931 liae
1044 3890 1078 3931 ao
1093 3873 1243 3946 Sapienti&
1256 3871 1395 3945 perfectio
1409 3887 1487 3941 vern,
1503 3886 1603 3929 perum
1619 3869 1753 3928 omnium
1768 3883 1815 3925 00-

97 3956 161 4014 illis
174 3957 232 4014 evil
255 3956 345 4015 unius
369 3955 555 4030 perfectionis
575 3955 738 4029 equalitas,
754 3954 861 4028 quibus
876 3955 932 4013 erit
985 3962 1076 4036 gnitio
1091 3960 1217 4018 tota.1bi
1229 3959 1505 4033 quicunquesalvus
1517 3958 1713 4033 sueritperira
1724 3957 1812 4025 ultre,

96 4045 185 4121 regni
200 4044 326 4103 coelestis
353 4059 413 4103 una
436 4043 569 4102 felicitas.
586 4045 728 4103 Denarius
750 4045 868 4118 quidem
881 4044 932 4102 ille
985 4067 1044 4109 non
1059 4048 1175 4125 poterit,
1192 4047 1243 4106 sed
1259 4047 1378 4104 animus
1393 4048 1451 4105 Deo
1466 4047 1628 4119 subjectus,
1643 4062 1711 4102 cum
1726 4059 1813 4102 carne

96 4132 932 4208 aqualisestillisomnibuaquempaterfamiliaaeisqui
985 4134 1814 4210 sibisubjectaregnabitinpaeesempiterna.0ueautem

97 4224 213 4300 operati
227 4223 337 4281 suntin
347 4223 524 4297 vineajnhet
534 4223 636 4281 donari
646 4222 855 4304 omnibus,non
866 4222 931 4281 ideo
986 4228 1086 4302 lingua
1096 4227 1202 4293 dicere,
1211 4224 1255 4282 vel
1266 4225 1333 4297 quis
1347 4222 1512 4283 intellectus
1527 4239 1630 4297 capere
1644 4217 1815 4278 sullicitilla

98 4313 273 4371 discernens
290 4312 342 4386 qni
357 4312 456 4370 minus
471 4311 564 4387 etqui
580 4311 708 4386 amplius
721 4299 934 4370 'laboraverunt
986 4309 1737 4392 superuaeoivitatisquantasintgaudia,aagelorum
1747 4307 1814 4366 oho-

99 4402 209 4476 (llottlv.
226 4405 285 4473 xx).
298 4401 391 4477 [lup]
401 4405 462 4470 Quo
475 4402 575 4475 utique
588 4402 707 4459 denario
716 4401 777 4459 vita
788 4401 932 4476 significa·
986 4397 1812 4477 rieinteresse,(Grcp.)oumbeatissimisspiritibusglories

98 4489 341 4562 tureterna,ubi
351 4491 479 4563 amplius
490 4489 546 4547 alio
557 4507 643 4548 nemo
653 4491 732 4561 vivit,
745 4491 884 4564 quoniam
894 4491 934 4549 vi·
986 4494 1150 4556 Conditoria
1166 4493 1213 4552 sui
1228 4493 1558 4566 amteterapresentem
1568 4488 1682 4548 vultum
1692 4485 1744 4545 Dei
1755 4501 1814 4543 cer·

100 4580 189 4636 vendi
205 4595 264 4637 non
280 4584 324 4636 est
339 4579 489 4648 distantia,
499 4597 552 4637 nec
564 4579 593 4636 in
605 4581 766 4638 aeternitate
781 4597 933 4651 mansura,
987 4602 1066 4655 nere,
1077 4582 1368 4655 incircumscriptum
1382 4579 1483 4638 lumen
1494 4576 1694 4650 videre,nullc
1710 4573 1814 4634 mortls

102 4670 153 4726 sed
167 4667 269 4725 multer
279 4669 447 4727 mansiones
458 4669 586 4727 diversas
598 4670 769 4728 meritorum
781 4669 933 4729 inanitate
950 4696 973 4762 p
988 4677 1068 4733 metu
1079 4673 1167 4742 alfini,
1176 4669 1404 4745 incorruptionis
1415 4673 1562 4744 perpetua
1572 4661 1815 4726 muneralaetarlt

103 4762 215 4815 aterna
228 4757 376 4832 significat
399 4759 569 4834 dignitates.
585 4759 647 4816 Alia
661 4760 739 4815 enim
754 4761 933 4832 alucinantis,
989 4763 1079 4822 Nemo
1091 4778 1218 4835 namque
1229 4758 1398 4818 mortalium
1409 4759 1505 4817 dicere
1512 4761 1563 4815 aut
1570 4757 1698 4832 cogitare
1707 4755 1813 4828 potest,

103 4848 162 4904 otio
175 4847 270 4918 glorta
284 4847 370 4916 tana,
386 4847 445 4904 olio
467 4847 557 4920 picria
580 4849 722 4906 stellarum
736 4867 746 4904 :
760 4849 841 4904 stella
861 4851 936 4905 enlm
990 4851 1137 4926 quautain
1147 4850 1196 4906 illa
1204 4845 1814 4924 perpetuaregicnesintgaudiajustornm,

102 4936 215 4993 catettc
241 4935 334 5008 differt
349 4938 379 4994 ic
393 4937 504 5008 ρὶυνὶας
518 4938 559 4994 sic
584 4943 610 4993 et
631 4937 793 4994 resurrectio
815 4945 935 4995 owner-
990 4941 1104 4999 diceute
1118 4938 1268 5014 Scriptura
1285 4955 1292 4996 :
1309 4937 1409 4995 Oculos
1422 4954 1478 4996 noa
1492 4935 1570 5006 cidit,
1583 4951 1633 4994 erec
1647 4935 1725 4992 acm
1738 4929 1817 4990 cudi·

102 5041 167 5081 ram
183 5025 208 5098 (l
231 5024 294 5081 Cor.
318 5025 376 5098 xv).
392 5025 546 5098 Tanquam
573 5023 664 5082 stellae
688 5025 782 5082 sancti
806 5025 936 5083 diversas
990 5027 1042 5101 ott,
1056 5045 1106 5087 aco
1121 5031 1151 5086 ic
1162 5028 1341 5086 certaminis
1355 5027 1553 5100 eremoque
1563 5025 1733 5100 preparavit
1747 5026 1817 5082 hem

104 5113 275 5171 mansiones
291 5113 410 5171 diversae
425 5112 730 5188 claritatis,tanqnam
746 5113 776 5170 ia
792 5113 938 5171 coelcsor·
991 5118 1171 5191 ditipenritas
1193 5134 1222 5174 se
1247 5117 1269 5190 (l
1289 5116 1349 5173 Cor.
1366 5117 1408 5188 11).
1431 5115 1596 5189 Diligamus
1619 5129 1689 5188 ergo
1712 5112 1817 5182 Deum,

104 5201 826 5277 liunturinrcg¹1⁰isedproptcrunnmdenarium
838 5202 937 5260 nullus
992 5210 1096 5266 tratres
1122 5205 1300 5276 charissimi,
1316 5205 1381 5278 ejus
1403 5203 1538 5264 videlicet
1559 5204 1699 5263 mandata
1721 5203 1819 5260 custo·

104 5296 294 5366 separatura
311 5307 399 5366 reguo
416 5309 423 5348 :
441 5297 529 5366 atque
542 5291 583 5349 ita
606 5291 662 5350 erit
685 5293 763 5350 Deus
784 5292 884 5350 omnia
906 5292 937 5352 in
990 5298 1108 5355 diendo.

104 5381 246 5438 omnibus
257 5399 263 5437 :
275 5383 308 5438 nt
322 5379 462 5455 quoniam
478 5381 555 5438 Deus
570 5381 697 5439 charitas
712 5386 766 5451 est,
779 5399 831 5456 per
845 5381 938 5439 charl-
1026 5385 1154 5460 Diligens
1169 5386 1248 5443 enim
1262 5384 1516 5454 Deum,mandata
1525 5383 1591 5458 ejus
1605 5381 1752 5443 custodire
1762 5381 1818 5438 est.

103 5474 197 5529 tatem
212 5469 295 5541 lacit,
308 5474 343 5527 ut
362 5471 440 5543 quod
458 5469 569 5528 habent
584 5469 703 5544 singuli,
729 5485 885 5527 commune
899 5471 938 5528 sit
990 5481 1056 5550 lpse
1069 5475 1148 5532 enim
1163 5475 1204 5532 ait
1215 5491 1222 5532 :
1235 5474 1267 5532 Si
1278 5475 1339 5548 qaia
1352 5473 1448 5546 dilipr't
1461 5489 1514 5544 nee,
1525 5489 1662 5533 ammones
1675 5486 1748 5530 mccc
1760 5483 1819 5528 ser·

103 5560 256 5620 omnibus.
272 5560 319 5617 Sic
335 5559 414 5617 enim
430 5559 556 5633 quisque
571 5560 659 5618 etiam
676 5559 739 5632 ipse
753 5557 851 5630 habet,
868 5576 936 5618 cum
991 5565 1067 5623 vetit
1090 5566 1178 5636 (loon.
1203 5563 1272 5638 xvv).
1298 5564 1333 5620 ltt
1351 5563 1479 5621 loannes
1494 5563 1523 5622 in
1539 5562 1668 5638 Epistola
1683 5576 1738 5618 sua
1751 5555 1817 5616 aits

104 5653 186 5708 emat
200 5649 232 5705 iu
249 5647 437 5726 altero,quod
450 5650 513 5724 ipse
527 5666 584 5705 uon
596 5649 762 5710 habeth'on
773 5648 937 5728 erititaque
992 5657 1045 5729 Qui
1059 5656 1151 5716 dicit:
1168 5657 1238 5728 Quia
1251 5655 1346 5728 dlttpir
1370 5656 1464 5727 Deam,
1485 5663 1511 5713 et
1532 5653 1662 5712 mandata
1685 5652 1743 5724 ejas
1761 5661 1819 5704 cort

104 5737 218 5800 iovidlo
236 5737 358 5812 imparia
375 5737 528 5812 claritatis,
541 5753 608 5802 eum
624 5737 785 5820 regnaverit
799 5737 829 5804 tn
845 5741 937 5808 omnl-
990 5743 1117 5826 custodit,
1127 5743 1246 5806 mendae
1260 5751 1298 5806 ar
1312 5744 1337 5823 tl
1347 5743 1426 5804 loco.
1440 5743 1482 5822 ιι).
1496 5741 1638 5800 Curemus
1653 5753 1706 5816 per
1719 5731 1821 5804 omnia
