4018 6178
158 253 215 338 ,dd
454 253 662 326 herbetus
683 261 953 326 astoensem.
973 261 1099 326 enisu.
1122 259 1210 326 DDP.
1234 261 1334 324 enas
1356 257 1600 324 11.-110t11t.
1845 261 1887 326 bd

167 405 241 448 mus
251 388 281 448 in
293 377 367 465 ipso,
378 389 493 450 habitat
503 391 822 470 innobisprotegendo‚
831 393 1000 456 habitamus
1013 396 1042 466 Α
1056 417 1071 446 «
1089 393 1139 464 tie,
1156 417 1171 446 n
1186 393 1328 470 singulari
1349 391 1603 468 grabenstetten
1617 391 1649 450 in
1662 391 1782 460 bomine
1792 409 1885 470 quem

173 485 202 538 et
216 498 270 538 nos
280 481 310 537 in
327 481 391 556 ipso
401 487 434 538 ut
446 487 634 558 protegamur
646 485 684 541 ab
694 484 754 541 illo.
765 484 911 542 litantem
926 485 1002 542 inter
1055 484 1219 558 assumpsit
1232 485 1394 546 detumeat
1409 499 1427 540 a
1440 484 1536 550 Patre,
1552 489 1585 540 ut
1597 499 1633 544 ex
1648 482 1887 558 quo-hnmanae

173 587 228 627 nos
241 569 374 629 habitare
390 577 499 644 posset,
520 591 610 631 ccum
625 578 703 632 esset
715 575 745 630 in
757 575 850 631 torma
865 573 925 643 Dei,
942 591 1001 634 non
1055 573 1206 648 inciperet,
1223 574 1370 646 perlectus
1384 577 1464 630 esset
1476 576 1563 642 Deus,
1578 573 1725 646 periectas
1736 577 1769 630 at
1783 573 1885 632 homo.

174 659 308 733 rapinem
332 660 490 719 arbitratus
515 665 560 720 est
575 680 640 720 esse
655 682 686 722 se
700 661 840 737 equalem
865 669 932 733 Deo,
949 665 1000 721 sed
1054 663 1111 720 Nec
1121 664 1255 720 eamdem
1268 662 1393 737 gratiam
1408 664 1445 719 ed
1460 679 1630 722 mensuram
1645 663 1757 736 accepit
1769 667 1805 721 ut
1818 663 1887 738 puri

174 749 366 823 semeptisum
390 751 550 810 exinanivit
568 753 691 810 formam
708 753 781 810 servi
796 752 953 826 accipiens,
970 754 1000 810 in
1054 753 1199 822 homines,
1220 753 1272 810 sed
1286 753 1380 810 iectus
1395 752 1483 809 homo
1497 751 1603 826 plenus
1615 751 1711 826 gratia
1723 751 1791 818 tuit,
1806 751 1887 811 sicat

174 838 400 896 similitudinem
414 840 570 898 hominum
586 843 690 910 lectus,
706 847 735 899 ct
748 842 850 900 habitu
865 843 1000 900 inventus
1053 841 1125 899 dicit
1142 839 1316 916 Apostolus:
1343 864 1357 894 n
1373 841 1405 898 ln
1421 857 1479 914 qno
1494 841 1607 898 habitat
1618 839 1886 915 omnisplenitudb

174 931 205 1009 ut
221 927 310 986 homo
331 930 416 999 (Phil.
433 931 474 1003 u).
493 955 507 982 n
532 955 546 982 c
561 933 594 988 m
622 931 750 990 vidimus
778 932 901 1006 gloriam
924 933 998 1004 ejus,
1054 930 1216 989 divinitatis
1230 931 1420 1005 corporaliter
1428 931 1527 1001 (Color.
1543 934 1588 1001 n).
1606 953 1620 983 n
1637 930 1814 990 Dtlaannes
1829 932 1885 988 Dn-

174 1016 298 1090 gtoriam
322 1020 407 1092 qnasi
431 1019 577 1093 Unigeniti
604 1021 729 1078 sPntre.
743 1045 757 1072 »
781 1021 911 1079 Gloriam
936 1023 999 1096 ejus
1052 1019 1886 1094 ptistez'ttdeplenitudinoejuscesomnesaccepimus

173 1106 309 1163 viderunt
337 1109 366 1164 in
400 1108 594 1176 humanitate,
623 1111 673 1184 qui
703 1111 801 1169 videre
829 1128 888 1168 nnn
918 1117 999 1185 pote-
1049 1109 1178 1186 gratiam
1194 1125 1245 1184 pro
1258 1109 1364 1184 gratia
1385 1113 1499 1183 Deque
1518 1109 1816 1184 plenitudincgratie
1831 1127 1886 1184 per

174 1199 239 1252 rant
264 1197 294 1252 in
320 1197 479 1266 divinitate,
509 1200 579 1272 quia
607 1217 695 1274 quem
725 1206 793 1258 ante
822 1199 999 1258 incarnatio·
1052 1199 1210 1258 reciniati
1223 1197 1376 1258 dieiturz«
1392 1199 1479 1258 Unalt
1493 1203 1522 1256 te
1536 1195 1626 1267 Deua
1640 1202 1719 1256 Deus
1732 1203 1803 1256 tuus
1819 1199 1884 1258 oleo

49 1329 58 1342 ,
174 1285 573 1361 nemvidercnonpoterant,
590 1290 855 1364 viderepcstquam
869 1290 999 1348 Verbum
1048 1287 1158 1352 vlaetitiae
1173 1307 1231 1363 pre
1247 1289 1433 1346 consortibus
1448 1288 1508 1346 tatis
1523 1289 1608 1362 (Psoi.
1622 1289 1710 1361 mv).
1726 1287 1885 1346 »vedum

172 1389 239 1431 cero
255 1374 363 1430 lartum
378 1381 432 1432 est.
451 1377 580 1436 Gloriam
596 1379 688 1452 igitur
703 1380 752 1436 Dei
767 1379 886 1436 latentis
900 1379 930 1436 in
947 1381 997 1438 bn·
1051 1395 1171 1452 quoque
1194 1378 1300 1454 plenus
1322 1377 1482 1447 tuitaicut
1494 1378 1559 1452 ipse
1573 1377 1604 1434 ia
1616 1375 1776 1452 ¹Evangelio
1791 1376 1882 1435 dicit:

172 1461 260 1530 minc,
277 1463 319 1520 ilii
334 1466 502 1539 specialiter
522 1467 669 1546 viderunt,
685 1467 735 1542 qui
754 1485 822 1526 eum
848 1469 998 1528 miraculis
1054 1491 1068 1520 c
1086 1469 1145 1543 ligo
1159 1483 1225 1526 sum
1239 1467 1298 1535 via,
1312 1467 1464 1530 veritae-et
1477 1467 1640 1539 vitatione.
1655 1470 1723 1538 arv).
1742 1489 1756 1518 r

172 1557 374 1611 coruscantem
385 1557 554 1632 conspicere
566 1562 744 1615 meruerant.
755 1557 799 1615 lili
809 1575 927 1634 quoque
935 1561 999 1631 ejus

171 1639 294 1718 gloriam
319 1645 504 1702 manifestius
528 1653 751 1721 conspexerunt,
778 1650 828 1722 qui
849 1665 917 1706 eum
931 1654 998 1707 ante
1333 1611 1513 1696 vHOMlLIA
1536 1611 1569 1668 X·

165 1731 339 1805 passionem
367 1735 608 1810 transfiguratum
635 1736 665 1794 in
691 1742 789 1794 monte
808 1738 996 1812 contemplati
1007 1773 1037 1839 *B
1172 1717 1208 1758 ΒΕ
1224 1717 1333 1759 ΕΜΟ
1353 1717 1499 1760 sffl’fflw
1519 1717 1758 1782 nmmum·

173 1825 251 1889 sunt,
269 1821 421 1880 audientes
437 1824 563 1899 desuper
575 1841 675 1883 vocem
690 1827 784 1884 Patris
800 1827 996 1886 intonantem:
1088 1827 1210 1900 (biems.
1231 1824 1321 1898 xxciv).
1354 1847 1366 1876 ι
1390 1824 1423 1882 ln
1448 1823 1497 1881 illo
1522 1828 1664 1898 tempore,
1690 1825 1769 1884 dixit
1793 1823 1883 1884 tecm

172 1931 187 1962 a
198 1909 249 1966 Hic
260 1913 304 1966 est
319 1911 410 1970 Filius
420 1930 504 1971 meus
514 1914 648 1986 dilectus,
665 1916 697 1972 in
708 1933 765 1990 quo
782 1915 853 1974 mihi
868 1916 997 1990 comple·
1052 1939 1066 1968 a
1082 1915 1180 1972 turbis
1190 1915 1360 1972 iudeorum
1370 1931 1377 1970 :
1389 1915 1529 1988 Doce-ego
1543 1914 1628 1972 mitto
1642 1913 1682 1972 ad
1693 1929 1745 1972 voa
1756 1915 1881 1988 prophe-

173 1999 218 2055 cui
235 2000 337 2072 (aaut.
352 2003 404 2072 ιιι).
419 2025 433 2054 n
448 2003 488 2061 De
503 2004 611 2077 quibus
621 2022 698 2062 unus
717 2006 772 2062 luit
786 2007 841 2064 iste
856 2007 997 2076 loannes,
1052 2029 1066 2058 n
1082 2009 1129 2062 tue
1141 2010 1171 2062 et
1183 2003 1341 2078 sapientes,
1355 2008 1383 2060 et
1397 2002 1520 2072 scribas,
1532 2007 1561 2060 et
1574 2019 1609 2060 ex
1623 2002 1684 2060 illis
1699 2004 1836 2062 occidetis
1850 2007 1882 2062 et

173 2089 209 2146 de
227 2106 285 2162 quo
300 2089 370 2148 telin
385 2091 510 2150 revelata
523 2099 602 2164 sunt,
618 2099 647 2152 et
662 2111 713 2168 per
726 2113 813 2169 quom
829 2095 901 2154 talia
913 2096 998 2170 signe
1051 2119 1066 2146 a
1083 2094 1270 2168 crucifigetis,
1282 2099 1310 2150 et
1320 2110 1354 2150 ex
1366 2093 1408 2150 eis
1418 2092 1603 2168 flagellabitis
1620 2091 1651 2149 in
1659 2093 1821 2168 synagogis
1831 2109 1881 2150 vc·

172 2181 243 2235 sunt
254 2184 427 2252 monstrata,
441 2199 504 2256 que
518 2183 618 2240 nullus
634 2185 728 2242 lacere
747 2185 856 2260 posset,
873 2185 930 2242 nisi
946 2185 997 2259 qui
1052 2207 1066 2234 ι
1083 2183 1147 2252 tris,
1161 2205 1175 2236 r
1190 2187 1220 2240 ol
1234 2181 1356 2256 telique.
1368 2181 1722 2255 Netraiwperiorlelllu!
1732 2181 1880 2258 Evangelii

172 2265 450 2341 UnigenitusPatris
459 2277 546 2330 esset.
558 2274 631 2332 Nam
642 2278 670 2332 et
681 2279 746 2348 past
754 2275 997 2332 resurrectionem
1052 2271 1179 2348 qualiter
1192 2271 1346 2338 Dominus,
1362 2271 1531 2329 conflictum
1547 2271 1658 2328 hahens
1673 2287 1742 2329 cum
1755 2271 1880 2342 iudeis,

164 2355 998 2438 ‘Spiritnsscnctnseosdemdiscipulosobumbrareatque
1051 2361 1209 2420 convinerit
1221 2361 1482 2422 enehomicidaset
1494 2359 1710 2426 homicidarum
1727 2358 1813 2430 ilios,
1830 2361 1882 2436 qni

172 2445 284 2520 replere
299 2447 502 2522 dignatusest,
519 2455 551 2507 ut
562 2469 614 2525 per
628 2452 688 2508 hec
703 2457 732 2510 et
745 2453 929 2527 unigenitum
946 2454 997 2511 Dei
1051 2469 1119 2510 cum
1132 2445 1309 2508 edificarent
1323 2449 1689 2526 sepulcremophctnrum,
1700 2455 1883 2509 sternerent

173 2542 381 2608 cognoscerent
409 2537 526 2610 Filium,
543 2545 620 2598 etex
639 2545 733 2600 matre
756 2542 996 2616 primogenitum.
1050 2537 1881 2614 mouumentnjustorum,oicsntec:notanimiasemanin

173 2624 229 2681 Sed
245 2629 289 2682 cst
304 2626 466 2686 differentia
481 2629 558 2687 inter
572 2631 759 2705 unigenitum
775 2637 804 2688 et
818 2631 997 2706 primogeni-
1048 2631 1282 2705 diebuspatrum
1292 2629 1769 2698 nostrerum,nnnessemuesocii
1776 2645 1881 2688 corum

172 2715 391 2794 tum,quianon
402 2735 504 2777 omues
515 2720 700 2794 primogeniti
711 2717 863 2794 unigeniti,
875 2723 925 2778 scd
937 2737 997 2778 om·
1052 2719 1241 2795 insanguine
1264 2717 1484 2794 prophetarum.
1507 2723 1540 2774 tn
1565 2717 1666 2776 hocce
1685 2717 1764 2776 filice
1776 2735 1881 2777 eorum

164 2820 225 2860 vnes
240 2803 383 2880 unigeniti
399 2807 586 2882 primogeniti
600 2813 750 2865 avocantur.
768 2809 997 2883 Primogenitum
1046 2811 1252 2879 ostendebant,
1278 2809 1329 2882 qui
1353 2808 1512 2884 prophotas
1526 2807 1702 2878 occiderant,
1718 2809 1797 2881 quod
1812 2809 1881 2869 ani-

172 2893 251 2949 enim
267 2893 404 2966 dicimus,
419 2913 477 2954 non
493 2896 588 2955 solum
600 2913 688 2972 quem
700 2897 749 2954 alii
759 2904 934 2973 sequuntur,
946 2900 997 2957 sed
1048 2915 1133 2960 mum
1150 2899 1269 2973 plenum
1285 2897 1427 2956 hahentes
1448 2895 1739 2966 incimmemmaum
1756 2895 1881 2972 ejusque

172 2979 260 3040 etiam
276 2999 364 3056 quem
379 2983 479 3043 nullus
507 2987 653 3061 precedit.
679 2988 773 3046 lineo
795 2992 893 3045 autem
918 2990 996 3062 quod
1047 2981 1882 3062 discipulosperseqnebantur.lindsettlominusndjun·

172 3073 349 3148 evengelista
373 3075 528 3134 Mattheus
552 3078 613 3135 ait:
629 3101 641 3128 ιι
657 3079 751 3136 Donec
776 3079 889 3153 peperit
902 3077 996 3136 filium
1049 3077 1102 3152 git,
1118 3077 1237 3134 dicens:
1255 3077 1357 3150 ltaque
1373 3075 1629 3134 testimonioestia
1646 3076 1878 3150 vobismetipsis,

164 3177 257 3218 sunm
274 3163 501 3240 primogenitum
526 3167 629 3240 (Metili.
646 3171 688 3238 u),
706 3192 720 3219 »
736 3171 920 3225 occasionem
934 3149 1033 3224 tra-G
1052 3167 1129 3239 quod
1141 3166 1194 3222 tilii
1206 3167 1278 3224 estis
1293 3179 1394 3223 eorum
1411 3165 1461 3240 qui
1477 3165 1637 3240 prophetas
1652 3163 1835 3236 occiderunt,
1849 3171 1880 3223 et

170 3249 240 3308 here
253 3253 408 3311 voluerunt
422 3255 560 3324 heretici,
573 3259 664 3314 beate
680 3256 776 3314 Maria
798 3256 995 3330 virginitatem
1049 3271 1101 3312 vos
1117 3255 1235 3332 implete
1245 3271 1415 3312 mensuram
1427 3259 1544 3328 patrum
1555 3259 1728 3316 vastrorum.
1743 3256 1784 3313 Ac
1795 3255 1821 3312 si
1837 3255 1880 3312 ct-

170 3339 312 3398 inlnmarc
325 3343 487 3416 cupientes.
507 3345 646 3401 Dixemnt
658 3346 738 3402 enim
751 3361 816 3402 eam
832 3344 905 3402 alios
920 3345 996 3402 filios
1048 3349 1143 3400 cerat:
1170 3343 1251 3411 Quod
1272 3343 1331 3400 illis
1351 3343 1455 3413 delcit,
1480 3359 1531 3401 vos
1557 3343 1681 3418 implere
1695 3343 1814 3418 cupitis.
1833 3344 1879 3405 llli

170 3432 236 3500 post
248 3429 405 3486 Dominum
417 3431 566 3507 exJoseph
577 3432 726 3506 habuisse,
737 3439 766 3490 et
780 3435 933 3508 ipsosessc
946 3451 995 3492 vn·
1047 3431 1220 3490 occiderunt
1243 3433 1386 3502 membra,
1408 3449 1460 3490 vos
1486 3438 1575 3508 caput
1589 3432 1818 3510 persequimini:
1835 3433 1880 3489 illi

167 3513 288 3574 luerunt
297 3519 387 3591 quiin
398 3518 552 3595 Evangelio
563 3523 668 3579 iratres
678 3523 791 3579 Domini
800 3523 994 3597 appellantur,
1048 3520 1217 3594 prophetas,
1233 3537 1284 3579 vos
1298 3521 1397 3596 ipsum
1413 3522 1571 3579 Dominum
1587 3522 1808 3596 prophetarum,
1826 3521 1879 3595 qui

170 3621 228 3662 non
243 3608 464 3667 considerantes
477 3611 546 3684 quis
561 3611 665 3668 iratres
680 3611 710 3668 in
733 3613 892 3686 scripturis
907 3613 995 3670 variis
1048 3610 1086 3666 eh
1101 3610 1144 3670 eis
1166 3611 1325 3684 predictus
1339 3614 1394 3679 est,
1415 3610 1547 3668 occidere
1571 3609 1754 3680 desideretis,
1774 3615 1806 3668 et
1831 3627 1880 3668 me

169 3695 265 3753 modis
279 3703 429 3755 vocantur.
445 3699 608 3774 Aliquando
618 3699 695 3758 enim
713 3706 818 3759 natura
833 3701 937 3760 tratres
951 3702 994 3759 di·
1046 3713 1189 3773 meosque
1210 3699 1381 3774 discipulos,
1397 3715 1474 3773 quos
1489 3699 1531 3756 illi
1551 3699 1617 3758 ideo
1632 3699 1702 3774 quia
1725 3713 1783 3757 non
1794 3699 1880 3760 vide·

168 3787 285 3853 cuntur,
296 3785 454 3860 aliquando
465 3791 646 3865 cognatione,
662 3789 820 3865 aliquando
829 3795 924 3865 gente,
942 3791 994 3848 ali·
1049 3793 1128 3858 runt,
1146 3803 1204 3846 non
1219 3789 1404 3848 occiderunt:
1420 3795 1472 3846 vos
1482 3789 1624 3858 videntes,
1635 3787 1754 3854 illorum
1763 3789 1882 3847 deside-

168 3875 286 3948 quando
300 3877 388 3934 ctiam
399 3877 562 3938 dilectione.
577 3883 698 3952 Nature,
709 3881 900 3938 sicutCninet
911 3881 993 3953 Abel,
1046 3876 1126 3934 rium
1144 3877 1271 3950 implere
1296 3877 1481 3935 desideratis·
1499 3877 1615 3943 mribus
1637 3875 1779 3960 Mgtull
1798 3880 1878 3952 quod

165 3963 244 4021 Esau
259 3969 287 4022 et
301 3967 402 4038 laceb,
428 3967 530 4026 Petrus
545 3973 573 4027 et
591 3971 732 4027 Andreas.
758 3969 946 4045 cognatione,
963 3975 995 4028 ut
1046 3967 1200 4024 subditur:
1211 3955 1880 4040 Serpentes,geniminsviperar'nm,·quomodo

166 4053 367 4112 Abrahamet
391 4058 454 4124 Lot,
475 4058 561 4131 juxta
583 4060 661 4132 quod
683 4059 746 4132 ipse
769 4058 919 4116 Abraham
934 4060 992 4116 ait:
1048 4055 1166 4130 fugietis
1184 4072 1202 4112 a
1212 4053 1328 4128 judicio
1342 4055 1506 4129 &hennei
1520 4057 1608 4114 lieote
1622 4051 1691 4130 erg'c
1710 4055 1879 4128 viperarum

167 4131 187 4193 ι’
198 4143 249 4210 Ne,
266 4161 375 4218 quaeso,
387 4146 426 4203 sit
431 4147 564 4222 jurgium
574 4147 708 4205 interme
718 4151 746 4206 et
761 4151 800 4218 te,
812 4148 928 4205 etinter
941 4165 993 4223 pa·
1045 4145 1167 4202 nomine
1180 4144 1228 4202 isti
1246 4149 1396 4214 vocantur,
1414 4145 1483 4218 quia
1498 4143 1576 4202 siout
1587 4157 1625 4204 ex
1636 4143 1749 4219 viperis
1759 4145 1876 4218 viperae,

165 4237 260 4290 stores
274 4251 355 4291 meos
370 4240 399 4292 ct
414 4241 546 4310 pastores
561 4240 638 4306 tuos,
655 4237 760 4294 iratres
784 4237 863 4294 enim
888 4255 993 4295 sumus
1047 4237 1076 4290 et
1090 4249 1125 4289 ex
1139 4233 1326 4306 serpentibus
1350 4237 1501 4306 serpentes
1515 4238 1688 4304 nascuntur,
1712 4232 1827 4291 sinisti
1842 4248 1878 4291 ex

165 4322 242 4394 (Geir.
268 4327 339 4392 ιιιι).
357 4346 372 4376 n
406 4324 547 4383 Similiter
573 4326 663 4384 Jacob
692 4332 722 4384 et
751 4327 860 4395 haban,
890 4328 991 4384 endem
1046 4317 1877 4395 venenatisparentibusvenenammnnimumtrnhentc's,

165 4411 263 4468 Laban
280 4413 410 4470 dicente:
425 4437 440 4464 «ι
451 4415 528 4472 Num
544 4415 614 4488 quia
627 4415 719 4472 irater
736 4431 822 4472 meus
836 4433 878 4486 cs,
900 4416 992 4490 gratis
1043 4409 1329 4484 Christumejueqnc
1341 4409 1503 4483 discipulos
1519 4409 1658 4486 persequi
1665 4408 1875 4472 moliebantur.

164 4500 273 4555 servies
288 4501 386 4556 mihi?
401 4525 416 4550 υ
431 4506 532 4568 Gente,
557 4503 634 4560 sicut
657 4519 758 4560 amnes
779 4503 871 4560 iudai
888 4506 991 4562 tratres
1006 4519 1030 4590 p
1045 4498 1185 4558 Convenit
1197 4502 1293 4556 eutem
1305 4499 1380 4568 istis,
1397 4500 1475 4574 quod
1491 4485 1656 4572 viperarum
1669 4497 1877 4562 ntwrulrtdi·

164 4587 233 4658 dicti
245 4592 323 4659 sunt,
341 4589 453 4647 dicente
471 4591 535 4666 ipso
546 4591 639 4648 latore
654 4589 726 4666 legis
743 4591 858 4666 Moyse:
876 4592 906 4650 Si
922 4605 991 4649 con·
1044 4594 1094 4676 tur
1106 4605 1181 4656 esse,
1199 4592 1233 4646 ut
1244 4588 1276 4644 in
1291 4589 1483 4664 conceptione
1493 4590 1638 4653 morietur
1652 4593 1745 4662 paler,
1761 4589 1792 4645 ln
1808 4604 1876 4664 per·

164 4677 311 4736 etitucndo
323 4673 510 4739 obustitueris
524 4699 613 4756 super
628 4685 655 4737 te
671 4697 778 4755 regom,
794 4697 852 4737 non
868 4679 990 4738 habebis
1043 4677 1183 4736 turitione
1199 4677 1455 4746 mater.·0uamvis
1470 4677 1548 4736 enim
1565 4679 1680 4736 diversa
1695 4678 1878 4752 mergerem

164 4771 336 4838 potestatem
357 4768 420 4826 alie
440 4771 536 4844 gentis
558 4767 708 4826 bominem
735 4769 921 4836 constituere,
938 4771 990 4826 sed
1042 4767 1209 4841 viperarum
1224 4771 1254 4824 et
1268 4769 1458 4842 serpentium,
1475 4769 1598 4825 tradunt
1614 4774 1719 4826 =tamen
1734 4771 1877 4824 tantam-

164 4871 231 4912 eum
253 4857 303 4929 qui
320 4855 358 4914 sit
377 4859 468 4915 trater
481 4864 562 4927 tuus,
579 4860 609 4915 id
625 4862 670 4914 est
683 4857 719 4914 de
734 4862 819 4931 gente
835 4862 896 4914 tus.
912 4857 990 4915 Dile—
1043 4858 1213 4914 mododuas
1222 4853 1878 4931 eseevipereninpnrtibushrabis,ubinavlla

164 4944 268 5013 ctione,
280 4945 357 5002 sicut
366 4963 469 5003 omnes
478 4947 636 5004 Christiani
646 4949 752 5004 iratres
766 4951 916 5016 vocantur,
934 4951 990 5004 Do·
1042 4945 1188 5004 habitatin
1201 4945 1511 5016 hominnmconsistit,
1524 4947 1664 5022 quianon
1674 4945 1771 5010 solnm
1782 4944 1877 5004 homo

164 5033 244 5090 mino
260 5034 412 5108 discipulis
426 5035 557 5093 dicente:
575 5037 710 5094 «Omnes
725 5035 803 5092 cuim
818 5053 868 5093 vos
885 5037 990 5094 iratres
1044 5035 1069 5093 si
1084 5036 1247 5106 accesserit,
1262 5035 1464 5094 verumetiam
1478 5036 1504 5093 ei
1515 5033 1875 5110 avisdssupervolavcrit,

163 5125 235 5179 estis
259 5123 361 5194 (licut.
377 5125 455 5196 xxvi).
476 5145 490 5174 r
506 5125 612 5182 Dodem
636 5127 723 5184 modo
748 5126 852 5182 tratres
872 5126 989 5182 Domini
1044 5126 1147 5182 allatu
1161 5141 1263 5182 earum
1276 5124 1465 5184 interimitur.
1480 5127 1611 5192 Quarum
1623 5121 1775 5198 mnoapiin
1790 5125 1877 5182 tarde

163 5213 335 5286 cognatione
349 5213 417 5270 dicti
433 5216 513 5282 sunt,
527 5214 597 5286 quia
611 5207 737 5274 deillius
750 5215 988 5290 erantprogenie.
1043 5215 1149 5282 evenit,
1164 5213 1216 5270 sod
1246 5211 1478 5290 quotiescunque
1506 5215 1644 5284 evenerit,
1670 5215 1717 5272 ita
1739 5214 1829 5274 deut
1843 5213 1875 5269 in

162 5303 237 5376 Drgo
253 5303 394 5370 Dominus
405 5321 464 5360 aon
475 5302 570 5359 sotum
582 5303 761 5378 unigenitus,
773 5304 920 5362 sedetiam
933 5305 990 5379 pri·
1044 5303 1232 5378 conceptione
1246 5303 1390 5360 morietur
1402 5309 1495 5380 pater,
1511 5308 1545 5361 ut
1558 5305 1701 5371 diximus,
1711 5307 1742 5361 et
1754 5301 1792 5360 in·
1803 5317 1875 5376 par·

163 5391 329 5464 mogcnitus
354 5391 470 5460 dicitur,
496 5392 574 5466 quod
591 5407 647 5447 non
673 5393 768 5450 solum
784 5394 833 5451 alii
849 5411 882 5450 ex
898 5395 990 5453 ilaris
1043 5391 1377 5450 turitinnemater.llam
1385 5393 1741 5468 tempureconocptionis,
1750 5405 1875 5450 mmera-

163 5485 229 5554 post
243 5495 310 5536 eum
323 5481 382 5538 nati
398 5497 455 5536 non
472 5485 550 5548 eunt,
568 5480 618 5538 sed
634 5481 860 5553 quiaantenum
877 5483 987 5542 nullus.
1044 5487 1098 5556 put
1112 5481 1141 5536 in
1163 5495 1215 5535 ore
1229 5479 1344 5539 lemine
1359 5481 1459 5552 mittit,
1476 5482 1643 5558 etillaprae
1665 5480 1757 5540 nimio
1771 5494 1874 5540 amore

163 5570 243 5640 Quod
260 5570 565 5645 autemsnbjungitur,
583 5595 597 5621 «
608 5567 835 5645 plenamgratiae
850 5573 990 5634 otverita·
1043 5570 1193 5644 stringens
1208 5573 1296 5644 capnt
1309 5567 1562 5633 iltiusabccindtt.
1584 5573 1659 5634 tlcmr
1673 5577 1874 5648 verotempus
