4018 6178
122 355 169 424 ιιι
316 445 320 455 p
742 355 919 422 nonius
939 353 993 418 nu
1011 353 1211 420 raucone.
1453 353 1459 364 ·
1769 351 1829 430 ua

121 493 227 570 templo
243 492 367 554 Domini
382 493 411 552 in
428 493 570 552 sacrificio
586 511 603 552 s
618 492 821 552 sacerdotibus
845 491 946 550 ollare-
961 488 985 558 Α
1001 491 1194 564 humanitate,
1207 491 1382 568 quinalium
1392 488 1607 568 tempusbabet
1618 488 1648 552 ia
1663 489 1823 552 divinitate.
1863 541 1868 550 .

120 585 212 652 batur,
230 585 275 641 ita
290 584 351 654 ille,
368 584 552 658 precatoris
577 583 773 657 evangelistis,
789 580 946 656 specialius
1000 582 1122 639 Pulchre
1136 599 1206 657 ergo
1221 583 1418 640 duodenarius
1431 583 1580 652 Dominus,
1588 583 1754 640 rudimenta
1764 599 1823 640 sue

118 689 219 747 eaque
231 673 380 730 Dominus
389 674 419 730 in
431 674 540 748 templo
549 673 594 730 vel
605 674 681 730 cirea
690 671 832 746 templum
844 669 945 746 gessit,
1000 670 1129 728 intentis
1140 675 1306 730 sacerdotes
1316 673 1501 746 interrogans
1510 671 1602 730 uoluit
1611 671 1823 740 demonstrare,

117 777 349 820 commemorare
374 763 497 820 curavit.
526 763 566 819 De
590 763 699 836 quibus
722 761 874 818 exordium
899 761 945 818 sui
1000 765 1033 818 ut
1046 761 1101 818 boc
1111 778 1234 819 numero
1245 762 1417 836 mysterium
1433 759 1598 836 apostolice
1609 759 1824 833 predicationis

117 850 262 925 Evangelii
280 869 299 908 a
313 851 453 910 Zacharia
467 853 617 910 sacerdote
638 851 734 924 cmpit,
760 851 861 906 dicens
876 851 946 924 (lpsi
985 851 1208 924 praefiguraret,
1220 855 1249 906 et
1263 851 1396 908 notitiam
1413 869 1472 906 sue
1487 849 1647 907 divinitatis
1662 849 1772 905 mundo
1783 847 1826 905 in·

116 938 190 994 enirn
208 937 379 998 sacerdotes
395 941 424 996 in
449 939 496 996 die
516 940 711 998 ordinationis
735 955 795 996 sue
818 939 945 996 vitulum
1001 943 1172 997 notesceret.
1189 941 1391 998 Duodennrius
1412 940 1490 997 enim
1516 955 1656 996 uumerus
1679 937 1824 1011 perlectus

116 1027 286 1101 afferebant)
304 1045 311 1084 :
328 1051 343 1080 ιι
360 1030 425 1086 Fuit
438 1029 468 1084 in
483 1028 587 1086 diebus
604 1029 724 1086 llerodis
747 1030 824 1100 regis
837 1029 946 1086 Judee
1000 1031 1055 1088 est.
1071 1031 1099 1084 et
1115 1029 1143 1084 in
1160 1029 1221 1084 suis
1238 1030 1371 1103 partibus
1387 1025 1721 1101 divisus,perlectionern
1737 1025 1826 1098 signi·

117 1117 254 1174 sacerdos
269 1117 391 1190 quidam
407 1118 527 1174 nomine
541 1117 696 1174 Zacharias
711 1119 746 1174 de
757 1117 946 1185 vicennium
1000 1117 1077 1173 licat.
1094 1117 1238 1174 Dividitur
1253 1119 1330 1174 enim
1347 1119 1376 1175 in
1392 1117 1482 1174 ternis
1497 1115 1649 1188 quaternis
1668 1119 1697 1172 et
1712 1118 1825 1188 quater·

117 1221 186 1260 uror
200 1204 285 1262 illius
309 1207 346 1275 ds
367 1205 485 1263 illisbus
511 1211 616 1262 Aaron.
632 1208 668 1262 Dt
683 1205 859 1276 factumest,
877 1223 943 1262 cum
999 1205 1047 1262 nis
1062 1206 1164 1263 ternis.
1180 1207 1242 1264 Sive
1258 1207 1335 1264 enim
1355 1207 1411 1263 tria
1425 1207 1454 1262 in
1471 1209 1606 1280 quatuor,
1624 1204 1683 1261 sive
1698 1207 1825 1276 quatuor

117 1294 281 1356 sacerdotio
310 1295 482 1369 iungeretur
510 1295 539 1352 in
567 1295 669 1353 ordine
696 1295 767 1353 vicis
794 1313 853 1352 sure
877 1300 945 1352 ante
999 1293 1099 1352 intria
1121 1297 1223 1363 ducas,
1249 1297 1458 1354 duodenarium
1482 1311 1638 1352 numerum
1664 1293 1823 1366 complent.

117 1383 219 1448 Deum,
237 1384 403 1440 meandum
423 1385 665 1442 consuetudinem
685 1385 851 1452 sacerdotii,
867 1388 945 1442 sorte
999 1384 1072 1440 Nam
1088 1383 1164 1441 idem
1182 1402 1321 1442 numerus
1337 1402 1371 1442 eu
1386 1384 1543 1458 septenarii
1559 1383 1673 1440 numeri
1690 1382 1823 1456 partibus

117 1471 183 1527 exiit
197 1476 234 1528 ut
248 1472 404 1530 incensum
420 1477 551 1546 poneret,
567 1473 720 1548 ingressus
745 1473 774 1529 in
799 1473 943 1546 templum
999 1476 1122 1541 constat,
1137 1473 1248 1531 scilicet
1262 1491 1296 1531 ex
1310 1474 1405 1548 primo
1421 1473 1483 1546 pari
1506 1478 1535 1529 et
1550 1473 1644 1546 primo
1659 1470 1777 1544 impari,
1792 1470 1821 1526 id

116 1558 244 1616 Domini.
262 1583 277 1610 ιι
293 1560 360 1618 Post
375 1561 435 1618 luec
456 1561 575 1618 Monam
599 1563 742 1636 virginem
765 1562 796 1618 in
821 1563 943 1620 domum
998 1561 1052 1630 let,
1065 1578 1099 1619 ax
1113 1563 1209 1618 tribus
1223 1566 1252 1619 et
1267 1568 1402 1634 quatuor.
1414 1563 1449 1618 llt
1463 1567 1522 1619 tres
1536 1561 1655 1634 quidem
1669 1561 1704 1617 ad
1720 1557 1823 1616 indivi-

116 1648 248 1720 siosdem
259 1649 941 1724 sacerdotisvenissc,tribusqucmensibuseam
997 1651 1086 1707 duam
1099 1651 1270 1708 Trinitatem
1286 1651 1441 1724 pertinent,
1458 1655 1583 1724 quatuor
1597 1651 1634 1706 ad
1649 1653 1776 1724 quatuor
1789 1647 1824 1705 li-

116 1739 189 1808 spud
205 1743 364 1812 cognatam
393 1755 478 1796 susm
502 1739 651 1796 Elisabeth
676 1739 821 1796 mansisse
845 1739 941 1796 reiert.
996 1737 1742 1815 brossanctiEvangeliiseptemveroplenitudinem
1751 1743 1823 1796 tem-

115 1824 274 1884 Dominum
290 1841 406 1900 quoque
424 1844 481 1883 non
497 1826 592 1885 solum
613 1833 714 1886 octaua
727 1827 774 1885 die
789 1828 941 1885 circumci·
997 1828 1076 1902 poris
1092 1829 1304 1898 demonstrant,
1322 1829 1392 1902 quia
1406 1827 1559 1902 presentis
1573 1826 1637 1882 vite
1652 1843 1756 1884 cursus
1771 1843 1822 1899 per

116 1931 189 1980 sum,
206 1916 260 1971 sed
280 1915 370 1972 etiam
385 1915 534 1973 tricesima
547 1917 632 1975 tertia
645 1916 676 1972 in
690 1917 800 1990 templo
816 1933 942 1990 praescn-
997 1921 1108 1991 septem
1124 1916 1187 1974 dies
1200 1917 1336 1974 volvitur.
1353 1916 1512 1974 Duodecim
1527 1932 1644 1990 quoque
1660 1915 1695 1972 ad
1712 1916 1822 1972 duode-

117 2007 206 2059 tatum
230 2007 345 2071 narrat,
370 2009 459 2078 atque
483 2021 535 2078 pro
558 2022 592 2062 eo
619 2021 741 2062 munera
758 2005 866 2078 oblata,
883 2009 943 2063 eta
997 2008 1111 2063 narium
1129 2021 1284 2064 numerum
1309 2008 1520 2082 apostolorum,
1536 2005 1579 2062 vel
1604 2005 1640 2061 ad
1666 2002 1820 2060 duodecim

117 2092 251 2149 Simeone
266 2093 410 2166 propbeta
423 2098 593 2168 susceptum
605 2099 633 2150 et
644 2095 829 2151 benedictum
841 2094 941 2151 luisse.
997 2095 1188 2168 patriarchas.
1204 2096 1277 2164 Quia
1292 2113 1360 2170 ergo
1376 2097 1411 2153 ad
1435 2095 1522 2152 fidam
1544 2097 1650 2151 sanctae
1667 2091 1819 2150 Trinitatis

117 2180 322 2255 Genealogiam
338 2199 405 2242 raro
419 2182 578 2240 salvatoris
600 2200 657 2240 nun
682 2200 734 2256 per
756 2183 942 2240 Salomonem
996 2189 1026 2242 et
1038 2186 1199 2242 doctrinam
1213 2191 1340 2258 quatuor
1348 2183 1634 2260 evangeliorum,per
1644 2180 1823 2256 predicatio-

118 2285 224 2344 negem,
242 2271 294 2328 sed
310 2287 362 2344 per
375 2272 490 2328 Nathan
510 2273 682 2346 prophetam
704 2289 738 2330 ac
761 2272 941 2330 sacerdotem
997 2289 1063 2330 nem
1084 2275 1238 2332 duodecim
1268 2274 1466 2348 apostolorum
1496 2273 1606 2329 mundo
1631 2271 1822 2327 nuntiaturus

118 2357 210 2414 filium
227 2359 320 2416 David
335 2360 460 2416 deducit.
472 2361 503 2416 ln
514 2360 648 2433 presenti
662 2377 731 2435 ergo
745 2359 867 2418 lectione
882 2361 944 2417 Sal·
996 2367 1068 2428 erat,
1085 2369 1161 2420 recte
1176 2364 1374 2420 duodenarius
1389 2363 1418 2418 in
1434 2361 1577 2434 templum
1593 2359 1735 2418 escendit.

117 2451 246 2504 satorem
258 2463 329 2504 cum
344 2448 712 2516 duodenariusesset,cum
725 2451 895 2522 parentibus
906 2451 941 2506 sd
1031 2475 1046 2502 ιι
1062 2452 1340 2526 consummatisque
1355 2452 1470 2522 diebus,
1480 2468 1546 2507 cum
1561 2450 1698 2517 redirent,
1706 2463 1821 2506 reman-

117 2535 259 2610 tempium
274 2537 438 2606 venissest
451 2536 511 2594 illis
526 2537 774 2604 nescientibus,in
785 2555 819 2596 eo
829 2556 943 2596 roman·
996 2563 1012 2590 ιι
1027 2540 1066 2597 sit
1082 2559 1155 2614 puer
1168 2542 1254 2598 lesus
1270 2542 1298 2600 in
1313 2540 1487 2608 Jerusalem,
1504 2542 1533 2596 st
1547 2557 1605 2595 non
1625 2539 1822 2612 cognoverunt

117 2625 189 2682 sisse
204 2625 435 2684 describithm
452 2633 479 2683 ct
490 2626 519 2682 in
530 2627 588 2684 tine
598 2627 744 2701 Evangelii
756 2628 803 2684 sui
814 2628 943 2686 ostendit
999 2653 1009 2680 ι
1028 2635 1163 2702 parentes
1179 2631 1252 2703 ejus.
1270 2655 1284 2682 ιι
1301 2631 1384 2686 Forte
1399 2633 1495 2686 mouet
1518 2627 1657 2700 aliquem,
1674 2625 1821 2700 quomodo

117 2713 274 2770 Dominum
282 2713 384 2770 Jesum
393 2713 551 2784 Christum,
559 2716 641 2789 quasi
650 2731 749 2772 verum
761 2717 941 2775 sacerdotem
994 2717 1082 2775 Jcsus
1096 2723 1178 2776 tanta
1192 2717 1370 2794 diligentias
1382 2715 1552 2792 parentibus
1563 2713 1701 2782 nutritus,
1712 2713 1822 2788 quippe

117 2801 276 2876 discipulos
297 2803 515 2860 benedicentem
538 2803 569 2860 in
584 2803 690 2862 caelum
705 2808 882 2874 ascendisse,
897 2807 941 2863 di·
996 2825 1082 2880 quem
1100 2807 1206 2864 Filium
1222 2807 1271 2864 liei
1286 2825 1350 2864 esse
1363 2823 1420 2863 non
1431 2801 1680 2872 dubitabant,illis
1691 2801 1822 2858 nescien-

116 2907 182 2946 rens
198 2907 206 2945 t
223 2889 502 2948 Eleratis'manibus
524 2893 596 2962 suis,
614 2894 759 2951 benedixit
780 2895 831 2951 sis.
849 2896 884 2950 ut
898 2896 942 2952 la·
996 2896 1114 2954 tibusin
1126 2897 1288 2954 Jerusalem
1301 2885 1657 2970 potueritremnner'e.Sed
1668 2891 1820 2948 sciendum

117 2983 194 3036 dum
208 2983 255 3036 est
270 2980 342 3038 darrn
358 2981 542 3038 benediceret
557 2982 625 3050 illis,
640 2984 762 3040 recessit
786 2984 822 3040 ab
844 2983 897 3050 eis,
913 2989 942 3041 et
995 2988 1041 3040 est
1055 2984 1125 3058 quia
1139 2985 1330 3058 hco,exeepto
1346 2985 1443 3040 divino
1460 2983 1674 3058 mysteriu,non
1689 2996 1723 3037 ex
1738 2979 1820 3053 igna-

119 3067 265 3125 lerebatur
279 3068 308 3125 iu
323 3068 478 3138 aulum‚et
492 3070 549 3144 ipsi
560 3072 724 3142 adorantes,
737 3071 859 3146 regressi
871 3077 942 3129 sunt
994 3073 1041 3128 via
1053 3075 1275 3145 parentum,sed
1285 3089 1318 3129 ex
1327 3073 1538 3130 consuetudine
1547 3069 1820 3143 potiusJudreorum

119 3155 147 3212 in
159 3156 324 3214 Jerusalem
341 3174 409 3214 cum
428 3159 537 3232 gaudio
552 3176 671 3234 magno,
685 3165 713 3217 et
727 3166 811 3218 erant
825 3177 942 3234 sempor
995 3161 1126 3234 contigit.
1142 3161 1328 3218 Consuetudo
1343 3162 1420 3218 onim
1444 3165 1505 3216 crat
1523 3159 1642 3215 illorum
1667 3162 1700 3214 ut
1718 3174 1821 3215 ascen-

120 3244 271 3318 intemplo
286 3245 441 3304 laudantes
454 3251 485 3304 et
496 3247 700 3306 benedicentes
714 3249 817 3306 Deum.
827 3253 941 3317 Quanto
955 3233 979 3302 G
996 3251 1098 3308 dentes
1112 3251 1141 3308 in
1153 3250 1296 3324 templum
1312 3248 1427 3306 Domini
1443 3249 1479 3305 ad
1496 3247 1703 3305 celebrandum
1714 3246 1820 3303 solem-

121 3337 215 3390 aotem
224 3335 942 3410 studiuperentesSalratorislegemobservarent,
997 3339 1129 3408 nitatem,
1150 3356 1283 3396 seorsum
1306 3337 1361 3395 uiri
1385 3339 1489 3396 choros
1512 3339 1661 3404 ducerent,
1686 3349 1820 3392 seorsum

122 3421 175 3478 cito
189 3423 405 3498 cognoscimus,
422 3425 447 3481 si
462 3425 552 3496 hujus
568 3426 714 3499 Evangelii
731 3427 881 3500 superiora
895 3445 943 3502 ps·
996 3427 1122 3498 leminae,
1138 3431 1256 3502 propter
1270 3427 1448 3484 munditiam
1464 3425 1606 3483 castitatis
1622 3441 1629 3480 ι
1647 3423 1729 3497 pueri
1753 3441 1820 3480 vero

123 3527 237 3584 mmper
248 3514 448 3570 attendamus.
464 3513 511 3570 Ait
525 3513 603 3571 enirn
619 3515 803 3589 Drangelista
819 3534 827 3572 t
997 3517 1120 3574 minoris
1132 3517 1225 3574 aetatis
1238 3518 1387 3574 licentiam
1403 3517 1629 3586 haberent,eum
1645 3529 1702 3586 quo
1716 3511 1822 3569 vellent

156 3623 170 3650 ι
184 3599 217 3656 ut
230 3601 314 3657 ibant
324 3605 459 3674 parentes
473 3600 543 3660 Jssu
560 3619 613 3675 per
627 3621 729 3662 omnes
743 3623 836 3662 annos
850 3606 881 3662 in
893 3606 942 3664 Je·
994 3605 1038 3662 ire
1050 3611 1195 3679 parentes,
1212 3607 1272 3663 siue
1294 3623 1361 3662 curn
1386 3610 1477 3678 patre,
1494 3605 1555 3660 sive
1578 3619 1646 3658 cum
1662 3605 1765 3658 matre.
1782 3601 1822 3658 lix

126 3688 276 3748 «mesiam
291 3690 322 3746 in
337 3689 385 3746 die
400 3690 523 3748 solemni
548 3692 673 3765 pasobae.
691 3715 706 3744 ιι
720 3695 774 3751 Sed
797 3694 941 3753 Dominus
995 3694 1049 3750 bau
1064 3711 1133 3768 ergo
1148 3694 1360 3752 consuetudine
1375 3691 1598 3760 acciditut,illis
1609 3689 1819 3758 nescientibus,

124 3777 942 3856 nonsolumlegemvoluitobservarc,quumnouvens·
995 3799 1068 3856 puer
1089 3784 1176 3840 Jesus
1205 3783 1235 3839 in
1266 3782 1429 3840 Jerusalem
1455 3781 1658 3846 remansisset,
1680 3779 1820 3853 quoniam

125 3869 166 3920 rat
179 3865 297 3933 solvere,
312 3867 365 3924 sed
380 3867 551 3941 adimplere,
567 3870 620 3926 sed
644 3869 732 3928 etiam
756 3871 831 3928 tales
854 3872 941 3947 elegit
994 3870 1087 3928 illaria
1101 3873 1224 3946 putabat
1239 3889 1305 3929 curn
1322 3889 1385 3929 esse
1401 3887 1468 3928 cum
1483 3867 1756 3943 loseph,etJosepb
1769 3885 1821 3926 aas·

124 3957 259 4022 parentes,
269 3955 321 4027 qui
334 3954 409 4029 legis
424 3961 525 4014 essent
539 3957 750 4016 observatores.
761 3961 940 4033 Preceperst
993 3961 1119 4018 timebat
1132 3961 1211 4034 quod
1226 3965 1304 4020 esset
1324 3977 1391 4018 cum
1414 3959 1515 4016 liaris.
1540 3959 1575 4014 Et
1596 3957 1652 4014 boc
1673 3961 1718 4015 est
1741 3957 1820 4032 quod

123 4039 195 4100 enim
208 4042 270 4116 ipse
284 4045 315 4100 in
332 4043 395 4116 legs
409 4048 442 4101 ut
455 4049 502 4101 ter
521 4046 551 4102 in
576 4063 653 4106 anno
676 4053 831 4122 appareret
853 4066 940 4107 omne
993 4047 1136 4105 subdidit.

122 4130 312 4190 masculinum
327 4149 429 4189 eorum
451 4149 550 4191 coram
575 4135 709 4206 Domino,
726 4138 755 4194 in
772 4137 835 4196 loeo
851 4155 938 4213 quam
1029 4159 1043 4187 ι
1060 4137 1268 4195 Existimantes
1284 4143 1381 4196 autem
1398 4137 1483 4194 illurn
1498 4135 1819 4204 esseincomitatu,ve·

122 4215 240 4290 elegerat
257 4220 346 4278 Deus.
356 4220 410 4278 Ubi
425 4226 547 4295 apparet
560 4239 627 4281 eum
643 4229 754 4298 quanto
769 4227 866 4284 studio
879 4245 939 4286 ma.
994 4249 1008 4276 ιι
1025 4231 1132 4283 nerunt
1147 4227 1202 4283 iter
1216 4227 1283 4294 diei,
1300 4231 1328 4284 et
1343 4226 1530 4300 requirebant
1543 4242 1610 4281 eum
1625 4225 1702 4280 inter
1715 4239 1820 4296 cogna-

118 4305 181 4372 l'ffl
200 4313 343 4381 praeapte
367 4309 441 4384 legis
463 4311 666 4382 observabant,
683 4315 733 4388 qui
758 4333 812 4372 nec
825 4318 939 4374 minora
993 4337 1008 4364 ιι
1024 4317 1115 4370 tuest
1138 4319 1232 4372 notos.
1251 4337 1265 4364 ιι
1280 4315 1353 4371 Nam
1378 4318 1522 4387 quantum
1547 4311 1657 4369 amoris
1681 4310 1817 4366 allectum

121 4398 383 4464 prmtermtttebsnt.
410 4402 596 4456 Consuetudo
619 4419 747 4475 namque
770 4405 938 4462 Judeorum
992 4417 1062 4475 arga
1076 4401 1160 4458 illurn
1177 4403 1327 4470 baberent,
1348 4402 1562 4468 manifestatur,
1578 4415 1646 4456 cum
1660 4398 1815 4456 subditur:

120 4487 188 4549 aral,
200 4489 231 4544 ut
243 4501 297 4559 per
311 4501 415 4544 omnes
428 4503 523 4544 annos
533 4491 724 4548 ascenderent
734 4493 764 4549 in
774 4491 937 4552 Jerusalem
1029 4513 1043 4542 ιι
1057 4491 1092 4546 lut
1105 4507 1162 4546 non
1178 4489 1368 4558 invenientes,
1376 4489 1500 4563 regressi
1516 4491 1586 4545 sunt
1596 4487 1627 4544 in
1642 4484 1816 4554 Jerusalem,

120 4569 162 4639 (ut
171 4573 306 4647 diximus)
316 4573 475 4632 Dominum
486 4576 939 4648 adoraturi‚etmuneraeiobla·
953 4597 978 4666 1)
994 4602 1009 4631 ιι
1025 4579 1207 4652 requirentes
1220 4596 1299 4636 earn.
1315 4579 1351 4635 ltt
1366 4580 1474 4634 lactum
1489 4583 1534 4634 est
1545 4581 1612 4650 post
1624 4575 1767 4646 triduum,
1777 4574 1819 4630 in·

119 4659 185 4728 iffl'.
199 4664 233 4722 ab
247 4663 479 4721 recordationem
494 4665 607 4723 scilicet
621 4667 797 4740 egressionis
811 4669 938 4728 deterre
993 4691 1008 4720 ι
1022 4672 1164 4725 venerunt
1178 4667 1261 4724 illum
1278 4667 1308 4724 in
1324 4667 1444 4740 templo.
1457 4688 1471 4716 ιι
1481 4666 1544 4723 Non
1554 4669 1637 4723 vacat
1651 4683 1668 4722 s
1680 4662 1817 4738 mysterio
1856 4697 1860 4702 ·

121 4746 224 4824 AEgypb
238 4755 269 4810 et
281 4751 515 4810 immolationem
529 4753 609 4827 agni.
620 4756 852 4814 escendentibus
867 4775 936 4833 ergo
992 4757 1069 4829 quod
1085 4755 1228 4814 Dominus
1244 4753 1697 4830 posttriduumapsrentibusin
1708 4751 1817 4826 templo

116 4834 195 4906 juxta
208 4839 282 4897 bane
305 4841 548 4898 consuetudinem
573 4843 744 4916 parentibus
768 4845 884 4904 Domini
900 4849 937 4905 ad
991 4844 1144 4918 reperitur.
1152 4845 1221 4904 Tris
1229 4845 1308 4902 enim
1323 4847 1393 4901 sunt
1407 4850 1550 4916 tempom,
1566 4846 1635 4900 ante
1648 4841 1817 4914 legem,sub

119 4927 359 4997 cntionsmmum
376 4929 471 4988 lactus
484 4933 564 4988 esset
576 4931 663 4988 lesus
674 4949 820 4990 annorum
831 4935 938 4992 duode-
991 4933 1055 5008 lege
1068 4937 1098 4990 et
1111 4934 1169 4991 sub
1182 4935 1286 5008 gratia
1307 4932 1360 5000 Qui
1383 4949 1451 5006 ergo
1475 4949 1534 4989 non
1559 4937 1627 4990 ants
1641 4930 1745 5005 legem,
1763 4945 1816 4987 nec

119 5012 183 5082 cin,
190 5017 319 5078 “cendit
333 5034 403 5076 cum
417 5018 485 5076 illis.
495 5019 552 5076 Sed
567 5036 635 5076 cum
648 5021 734 5079 audis
749 5023 937 5092 laetum,noli
992 5022 1135 5096 sublege,
1152 5023 1202 5078 aed
1219 5023 1275 5078 sub
1289 5022 1386 5095 gratia
1400 5021 1512 5078 mundo
1528 5020 1655 5077 visibilis
1670 5019 1815 5092 apparuit,

119 5099 245 5166 danum
259 5106 935 5184 neemm.1·‘actusemeniminrormaseru,
992 5115 1067 5166 recte
1082 5117 1153 5183 post
1163 5111 1295 5166 triduum
1311 5113 1444 5182 repertus
1458 5109 1488 5166 in
1504 5107 1613 5182 templo
1624 5115 1815 5165 memoratur.

121 5191 167 5259 qu
180 5194 276 5253 amnia
290 5195 399 5253 lecerat
411 5194 441 5250 in
457 5195 551 5254 mma
565 5195 627 5264 Dei,
634 5197 712 5254 sicut
720 5197 863 5279 scriptum
874 5205 936 5258 est:
989 5199 1053 5256 sive
1067 5215 1136 5272 ergo
1151 5204 1218 5272 post
1232 5199 1363 5255 triduum
1375 5196 1406 5255 in
1421 5198 1531 5274 templo
1546 5195 1666 5272 reperiri
1679 5195 1817 5262 volutant

121 5297 134 5324 ι
148 5277 309 5355 Omnisper
322 5281 421 5355 ipsum
437 5283 512 5340 iacta
526 5285 938 5361 auntlloue.1l.»Dequoait
990 5286 1328 5360 ostenderetquiailliad
1337 5287 1551 5358 ejusvisionem
1561 5285 1815 5359 suntperventuri,

120 5366 264 5438 Ammius
276 5387 283 5430 :
297 5371 428 5430 «Famae
439 5375 483 5428 est
493 5387 528 5428 ex
541 5373 654 5432 semim
666 5373 756 5432 David
772 5378 935 5435 secundum
990 5377 1041 5451 qui
1057 5377 1156 5442 fldem,
1171 5393 1254 5448 spem
1267 5380 1296 5432 et
1317 5375 1490 5433 charitatem
1513 5377 1638 5450 perfecte
1652 5375 1771 5442 babent,
1787 5379 1816 5430 et

120 5468 227 5518 mem
238 5460 327 5532 (Rom.
344 5463 376 5528 r).
393 5481 409 5510 ιι
425 5459 459 5518 llt
473 5463 518 5528 (ut
533 5461 574 5518 ita
592 5461 700 5529 dicam)
715 5463 810 5522 lactus
823 5469 870 5522 est
884 5467 935 5538 qui
990 5467 1078 5522 fidem
1103 5468 1210 5520 sanctae
1236 5463 1387 5521 Trinitatis
1415 5466 1608 5544 puro-corde
1629 5466 1761 5532 credunt,
1786 5466 1815 5518 et

120 5547 216 5604 tulleta
228 5548 347 5615 leserat.
362 5551 396 5606 at
409 5548 458 5608 illa
481 5549 670 5619 inueniretur,
687 5551 737 5624 qui
753 5552 825 5614 bene
841 5555 936 5626 lactus
989 5571 1075 5626 opere
1090 5551 1270 5610 custodiunt.
1278 5553 1343 5610 Sive
1354 5553 1438 5611 aliter
1447 5553 1477 5610 in
1489 5539 1598 5627 templo
1610 5556 1674 5628 post
1683 5553 1813 5610 triduum

119 5632 188 5688 male
202 5636 333 5708 perierat
353 5636 489 5694 Ascendit
503 5637 614 5711 quippe
626 5639 801 5698 duodecimo
815 5659 891 5700 anno
905 5643 933 5699 in
991 5641 1111 5714 reperiri
1125 5639 1226 5711 voluit,
1246 5648 1280 5699 ut
1295 5643 1495 5715 intelligamus
1510 5633 1582 5716 qnia
1595 5643 1629 5700 ad
1640 5643 1710 5712 ejus
1726 5638 1814 5697 visio-
