3930 6172
148 277 202 344 tat
427 275 1572 342 551505155115555115.55155.5555111511-551111,
1666 269 1671 274 ’
1799 281 1866 366 191.

146 435 166 466 n.
179 410 302 488 Spiritu,
314 414 347 468 ut
361 413 526 470 tentaretur
539 428 558 467 5
570 409 695 468 diabolo.
708 433 723 462 »
733 410 898 468 Ostendens
912 427 971 468 nen
985 414 1013 481 Α
1028 409 1857 488 15511555515555551.’1551155151555515555555155555

146 504 189 570 55
205 502 272 572 5115,
285 503 336 560 sed
352 502 389 558 ab
404 501 468 576 ipsc
482 501 592 575 Spiritu
610 507 721 572 555515,
738 501 786 574 551
803 517 892 573 super
906 519 973 558 eum
1029 503 1205 562 [cantationes
1221 503 1302 561 electi
1320 503 1461 576 sentiunt,
1476 503 1593 578 quando
1610 503 1728 580 aliquod
1746 506 1859 564 bonum

145 592 287 668 inspeeie
303 591 443 650 columbas
459 590 619 659 deseendit,
637 591 666 646 in
683 592 830 648 desertum
848 591 973 648 cssedu-
1028 593 1210 666 prepositum
1221 591 1564 657 inchoareneluafflucd
1576 593 1606 650 in
1618 595 1751 672 exemplo
1763 595 1859 653 Israe-

146 681 327 746 otum.Qcod
344 680 432 738 etiam
448 679 497 736 5111
520 679 714 753 evangelistar,
727 680 842 735 11155555
863 678 974 736 55111551
1028 681 1858 756 litaremdidicimus,quienneaphareoneenriusamieu

145 776 174 829 et
190 773 295 838 Lucas,
307 769 491 826 niarrilestius
507 768 666 826 declarant.
683 768 729 824 Ait
743 767 821 824 enim
836 768 970 825 Marcus:
1027 771 1175 846 leguntur,
1186 772 1304 846 quande
1325 789 1376 845 per
1391 772 1509 845 Meysen
1525 775 1553 828 et
1576 773 1671 830 Aaron
1687 774 1723 830 ad
1747 777 1857 830 terrem

35 855 39 862 ’
146 885 160 912 «
172 863 208 918 llt
218 860 319 919 statim
329 857 513 932 expuliteum
526 857 653 930 Spiritus
664 857 694 913 in
705 858 863 926 desertum,
872 862 900 914 et
910 861 973 914 erat
1027 859 1264 934 repromissionis
1275 865 1345 918 5551
1354 861 1458 918 vocati.
1472 861 1579 918 Contra
1589 863 1676 934 cujus
1682 861 1785 934 jacula
1794 867 1858 920 ten-

145 952 176 1007 15
186 952 302 1008 (1555515
316 948 512 1023 quadraginta
522 947 625 1004 diebus
636 951 663 1004 et
674 947 869 1020 quadraginin
882 948 973 1003 uecti-
1026 949 1184 1016 tatianum,
1198 967 1253 1006 nos
1268 948 1432 1022 spiritualia
1447 965 1530 1006 arma
1545 963 1661 1006 sumere
1678 954 1776 1007 movet
1791 951 1858 1024 qui-

145 1040 426 1112 555,511551555155
440 1055 456 1094 5
473 1039 718 1130 Satana·,eratque
734 1053 801 1093 cum
817 1036 931 1104 bestiis,
943 1039 972 1092 et
1027 1039 1094 1096 dam
1111 1039 1239 1112 sapiens,
1251 1039 1385 1096 dieenszn
1398 1036 1460 1104 Fili,
1473 1039 1614 1096 accedens
1629 1039 1665 1095 ad
1682 1039 1859 1100 servitutem

145 1129 241 1203 angeli
258 1125 789 1196 551515155555151(115555).»115555
814 1143 882 1182 uero
905 1125 946 1182 ait
963 1143 969 1182 ι
1026 1128 1087 1196 1151,
1100 1132 1145 1184 515
1169 1127 1199 1184 15
1222 1128 1341 1201 justitia
1351 1132 1380 1184 ot
1396 1132 1570 1196 tremerent
1582 1129 1868 1202 praeparaanimam.

46 1203 53 1214 ’
146 1219 267 1284 «lesus,
285 1214 411 1289 repletus
428 1213 538 1288 Spiritu
563 1219 674 1282 saneto,
692 1231 843 1289 regressus
867 1220 913 1271 est
934 1216 971 1270 ab
1025 1221 1106 1274 tuam
1123 1217 1158 1274 ad
1176 1216 1365 1274 tentationem
1378 1217 1475 1290 (acca.
1487 1217 1546 1289 5).»
1560 1217 1592 1276 let
1604 1217 1797 1294 1555151551(
1812 1219 1859 1277 ln·

142 1308 269 1365 iordane
286 1323 292 1360 ε
309 1311 338 1362 51
354 1304 850 1378 5555551555551511515555551555
866 1304 971 1360 diebus
1025 1306 1105 1362 duitc
1120 1323 1170 1362 vos
1189 1309 1339 1362 55551555
1361 1304 1423 1376 1151,
1434 1309 1468 1361 51
1482 1305 1603 1378 55551115
1620 1311 1698 1364 51555
1713 1306 1858 1366 aduersus

143 1395 389 1470 (551555151551
404 1393 477 1449 nihil
495 1393 682 1448 inanducarit
697 1393 725 1448 in
742 1392 800 1450 illis
811 1393 924 1450 diebus.
937 1395 972 1450 Et
1026 1394 1149 1452 insidias
1164 1394 1284 1452 diaboli.
1297 1393 1370 1462 Quia
1383 1411 1441 1452 nen
1458 1399 1502 1451 est
1518 1395 1602 1455 nebia
1617 1395 1784 1458 colluctatio
1800 1399 1856 1454 ad—

143 1485 357 1544 consummatis
373 1482 442 1550 illis,
455 1482 559 1538 esuriit
569 1484 646 1552 (Luc.
658 1483 727 1554 55).»
741 1483 771 1538 15
783 1482 891 1555 551555
907 1500 970 1540 rer·
1024 1501 1126 1548 versas
1141 1501 1257 1540 emnem
1275 1487 1302 1540 et
1318 1483 1503 1558 sanguinem,
1521 1483 1571 1542 sed
1587 1483 1728 1544 adsersus
1743 1485 1863 1561 551551.

143 1575 189 1636 his
205 1573 447 1632 manifestissime
462 1571 668 1646 cognoscimus
684 1571 752 1643 quia
767 1570 807 1627 151
822 1588 889 1628 eum
906 1572 970 1644 Spi·
1026 1591 1077 1648 555
1092 1577 1122 1630 51
1133 1574 1449 1648 551551515555555555
1465 1573 1567 1630 inundi
1584 1575 1856 1632 rectorestenebra-

127 1649 217 1723 ‘ritus
233 1668 354 1720 sanetus
378 1662 472 1730 duxit,
486 1660 535 1717 551
550 1660 733 1717 occasionem
756 1660 888 1734 tentandi
906 1677 970 1718 nra·
1026 1680 1091 1720 rum
1102 1663 1218 1730 irarum,
1231 1666 1331 1718 555155
1345 1661 1487 1734 5515115115
1499 1661 1636 1735 aequitio
1647 1662 1676 1718 in
1685 1662 1857 1724 5515511555

142 1754 242 1828 lignus
257 1752 381 1826 spiritus
397 1751 550 1808 inveniret.
563 1750 683 1806 llendus
693 1748 771 1806 enim
783 1755 845 1805 crat
856 1748 970 1806 diabole
985 1753 1136 1862 Biliplrec.
1152 1752 1203 1826 51).
1218 1773 1231 1802 a
1243 1751 1276 1808 let
1291 1751 1376 1824 quasi
1389 1767 1535 1824 quereres
1550 1769 1614 1826 quoe
1627 1756 1727 1811 essent
1741 1752 1857 1812 hacar-

140 1843 226 1910 loeus
240 1841 382 1910 tentandi,
398 1843 431 1896 ut
446 1840 529 1896 lieret
540 1837 656 1895 Christo
671 1838 785 1895 occasio
801 1838 968 1910 superandi.
1012 1832 1084 1908 ’555
1097 1841 1174 1898 idem
1190 1840 1345 1913 Apostolus
1364 1840 1535 1912 exponendo
1557 1839 1712 1916 5515155511
1725 1859 1755 1897 :a
1773 1843 1854 1900 State

142 1931 278 1990 Permisit
292 1931 371 1987 enim
387 1945 418 1984 se
434 1946 451 1984 a
466 1927 595 2002 maligno
616 1927 721 2000 spiritu
737 1927 854 2000 tentari,
871 1931 903 1984 ut
919 1945 969 1986 no·
1024 1949 1092 2006 ergo
1103 1930 1243 1988 succincti
1259 1927 1376 1986 lumbos
1395 1929 1850 1999 (551555155551151551151511

141 2022 187 2079 his
199 2019 366 2093 exemplum
380 2017 531 2092 pugnandi
542 2018 718 2074 estenderet.
727 2017 808 2084 Quod
819 2017 969 2090 apestolus
1024 2019 1115 2080 lorica
1132 2017 1267 2092 justitiae,
1282 2025 1311 2075 et
1325 2017 1446 2074 calccati
1470 2019 1559 2092 pedes
1585 2019 1616 2076 in
1641 2021 1861 2094 preparatione

141 2111 249 2178 Paulus
260 2110 290 2168 in
301 2107 431 2184 Epistula
441 2125 494 2164 sua
505 2108 541 2164 ad
557 2107 703 2176 Hebraeos,
716 2123 783 2163 5551
795 2107 830 2162 (15
846 2105 969 2164 Domino
1024 2108 1170 2184 Evangelii
1186 2107 1277 2182 pacis,
1289 2107 1319 2166 iu
1330 2107 1468 2166 omnibus
1481 2113 1632 2166 sumentes
1642 2112 1759 2166 scutum
1772 2111 1854 2180 fidei,

141 2200 320 2274 loqueretur,
331 2197 401 2256 dieit
413 2215 419 2254 ι
430 2220 444 2248 a
457 2197 519 2254 Non
534 2197 612 2254 euim
633 2196 776 2256 habentus
790 2196 968 2269 pontificem,
1024 2199 1054 2260 15
1070 2216 1128 2272 555
1144 2197 1264 2271 55551115
1275 2196 1374 2254 emnia
1387 2195 1447 2254 telo
1461 2197 1636 2271 nequissimi
1650 2197 1857 2272 igneaexstin·

141 2290 264 2365 551555
280 2289 373 2362 555511
392 2286 617 2344 infirmitatibus
634 2285 742 2344 nostris
757 2285 894 2360 compati,
906 2290 967 2343 teu·
1023 2305 1121 2362 geere.
1134 2289 1168 2346 111
1180 2287 1294 2362 galeam
1307 2286 1412 2345 salutis
1426 2286 1614 2358 assumitc,et
1625 2287 1756 2362 gladium
1767 2289 1856 2368 spiri-

139 2382 234 2439 151551
250 2383 350 2436 autem
373 2394 424 2451 per
439 2374 537 2434 emnia
552 2393 605 2448 pre
634 2374 828 2432 similitudine
857 2375 971 2448 absque
1023 2375 1855 2452 155,555(155155555ι51151115155.»Ρ555515555551551

139 2472 258 2544 5555515
267 2469 358 2537 (debr.
369 2466 666 2539 n·).»Adeamusergo
676 2464 711 2523 ad
723 2463 969 2538 thronumgloria
1023 2467 1166 2524 Dominus
1189 2483 1256 2524 cum
1280 2463 1408 2532 diabole,
1425 2466 1454 2520 in
1480 2467 1629 2524 desertum
1653 2467 1798 2526 secessit:
1819 2474 1856 2526 ut

139 2573 207 2626 epm
217 2555 616 2624 fiducia,utmisorieordiam
627 2552 969 2627 consequamur,etinue-
1022 2557 1190 2618 estenderet
1204 2555 1288 2614 nohis
1304 2555 1383 2628 quia,
1395 2555 1420 2611 si
1439 2556 1503 2626 ejus
1523 2555 1698 2614 tentationes
1713 2556 1855 2616 volumus

138 2645 389 2720 ciamusgretiam
401 2645 431 2702 in
443 2643 549 2701 auxilie
561 2642 795 2717 opportuno.Sed
805 2659 871 2698 eum
884 2659 970 2702 mens
1022 2647 1149 2720 55515515
1159 2661 1307 2722 superare,
1320 2661 1378 2701 non
1389 2644 1485 2702 scium
1494 2645 1597 2702 turbas
1606 2645 1785 2716 demonum,
1798 2649 1854 2706 sed

139 2737 272 2798 humana
286 2739 448 2795 createrem
459 2750 546 2790 suum
559 2737 587 2789 et
599 2733 824 2806 redemptorem,
835 2733 885 2806 qui
902 2732 966 2790 nul·
1022 2735 1109 2800 etiam
1126 2734 1311 2792 concordiam
1329 2733 1474 2793 malorum
1490 2734 1644 2792 homiuum
1660 2735 1855 2794 dehemusvi·

139 2820 770 2899 1551555155555551555555511,5(1155515
782 2821 864 2879 audit
876 2826 967 2878 tenta·
1022 2824 1184 2882 tareSieut
1196 2821 1274 2880 enim
1289 2824 1433 2881 bonerum
1447 2823 1601 2882 hominum
1612 2824 1769 2884 concordia
1784 2824 1853 2900 515-

137 2922 213 2985 tum,
225 2920 305 2974 metu
332 2911 498 2986 fragilitatis
523 2929 582 2968 eure
605 2911 779 2984 expavescit.
795 2910 850 2967 Sed
867 2910 918 2984 qui
933 2928 967 2968 ex
1020 2916 1131 2978 rimam
1142 2914 1236 2986 Juvat,
1249 2911 1291 2968 sie
1306 2911 1454 2969 malcrum
1463 2913 1589 2974 societas
1604 2913 1730 2978 infirmis
1741 2916 1852 2974 menti-

137 3005 270 3065 humana
283 3001 591 3078 fragilitateterretur,
606 3017 640 3060 ex
655 2999 815 3060 conditoris
825 2999 870 3058 sai
886 3018 964 3058 com·
1020 3001 1851 3080 5555551155(555515115515Ρ551515155515115511555

135 3094 273 3170 passione
283 3091 423 3152 fiduciam
434 3107 583 3150 resumere
592 3091 748 3159 debet.Qui
757 3089 837 3148 enim
848 3095 966 3164 propter
1020 3090 1336 3160 sanetissanctuseris,
1348 3094 1454 3148 etcum
1469 3090 1531 3148 viro
1542 3091 1852 3157 innocente-tenemus

135 3202 189 3242 555
204 3183 292 3242 homo
309 3182 371 3240 fieri
393 3181 532 3257 dignatus
548 3187 601 3248 est,
616 3179 645 3237 in
667 3181 797 3237 humana
812 3184 918 3236 natura
933 3197 964 3236 se
979 3161 1001 3228 C
1019 3181 1086 3239 eris.
1098 3183 1133 3238 111
1147 3197 1215 3237 eum
1240 3180 1330 3236 eleeto
1356 3179 1465 3236 electus
1480 3179 1549 3250 oria,
1565 3184 1595 3237 et
1621 3197 1687 3240 cum
1711 3197 1852 3260 perverse

135 3273 243 3331 tentari
254 3290 306 3347 pro
316 3273 401 3329 nobis
409 3271 554 3345 permisit,
563 3271 821 3327 utsuatentatioae
832 3273 963 3324 uestram
1018 3270 1192 3344 perverteris
1200 3270 1284 3342 (Psoi.
1294 3269 1478 3343 xvir).»Unde
1486 3287 1539 3326 nos
1548 3269 1687 3327 Salomon
1698 3269 1852 3343 admonet,

134 3361 316 3419 excluderet:
328 3377 381 3417 nee
393 3360 487 3416 solnm
500 3357 692 3432 impugnandi
701 3356 962 3415 contradiabolum
1018 3359 1118 3416 dicens
1129 3376 1154 3415 z«
1170 3357 1234 3416 Noli
1251 3375 1315 3415 esse
1330 3358 1442 3414 amicus
1456 3357 1569 3414 homini
1584 3359 1736 3427 iracundo,
1751 3376 1852 3434 neque

134 3449 288 3513 audaciam
300 3448 452 3516 tribueret,
464 3447 516 3504 sed
525 3446 613 3503 etiam
625 3444 759 3502 vincendi
770 3445 909 3502 fiduciam
921 3463 964 3502 re-
1018 3447 1152 3506 ambules
1168 3464 1235 3504 eum
1251 3447 1311 3504 viro
1323 3447 1432 3506 iurieso
1447 3465 1454 3504 τ
1470 3463 1507 3504 55
1523 3447 1597 3505 lenta
1611 3448 1708 3506 discas
1722 3449 1851 3508 semitas

135 3541 290 3600 stauraret.
305 3538 438 3594 Fortasse
453 3536 542 3592 etiam
559 3535 673 3591 ridetur
688 3551 705 3590 a
720 3535 900 3606 quibusdem
916 3535 963 3590 iu·
1017 3538 1093 3610 eJus,
1104 3541 1133 3594 et
1147 3554 1249 3594 sumas
1263 3536 1436 3594 scandalum
1449 3536 1554 3594 anima
1570 3540 1729 3608 15511555.
1745 3542 1847 3612 unq..

134 3625 273 3692 credibile
288 3624 446 3684 Dominum
463 3623 611 3684 adiebole
626 3623 716 3680 luisse
732 3627 889 3680 tentatum.
906 3625 961 3680 Sed
1016 3629 1053 3686 nt
1067 3628 1132 3684 ideo
1151 3626 1201 3701 qui
1231 3625 1350 3701 laqueos
1378 3625 1574 3684 tentationum
1602 3627 1683 3702 eupit
1708 3629 1846 3696 evadere,

133 3712 961 3788 51151115555155151155511515555515555555555515155,
1018 3717 1163 3780 malorum
1191 3715 1359 3774 societatem
1388 3715 1546 3790 aliquande
1576 3733 1707 3796 corpore,
1728 3734 1850 3794 semper

133 3803 376 3871 cecineredibile,
384 3803 410 3866 51
418 3804 482 3877 ejus
492 3804 549 3862 alie
560 3804 635 3862 15515
645 3804 874 3876 555555555Ρ55
884 3809 962 3862 55515
1016 3811 1115 3866 cratem
1131 3811 1227 3864 mente
1244 3806 1329 3864 debet
1344 3807 1498 3881 sugere-in
1515 3805 1647 3880 example
1660 3807 1735 3878 ejus,
1747 3808 1800 3880 qui
1816 3809 1850 3864 iu

132 3896 214 3956 enim
228 3894 350 3961 5515555,
362 3893 503 3967 quoniam
519 3892 652 3950 emnium
668 3893 858 3966 reproborum
874 3899 963 3968 caput
1016 3895 1106 3972 regali
1121 3896 1188 3954 aula
1199 3895 1242 3952 vel
1259 3895 1336 3952 15155
1346 3895 1448 3952 turbas
1463 3895 1619 3972 populares
1630 3895 1850 3971 5551555155-

131 3984 319 4044 (11555155551
329 3988 357 4042 51
367 3983 457 4057 hujus
466 3982 570 4056 capitis
581 3983 713 4040 membra
721 3999 823 4039 omncs
833 3982 964 4040 suatini-
1016 3987 1067 4044 bat
1079 4004 1103 4042 :n
1116 3987 1186 4044 liceo
1201 3984 1333 4059 elongavi
1350 3985 1515 4058 1555155551
1527 3985 1622 4044 mansi
1638 3984 1668 4044 in
1683 3983 1849 4046 solitudine

132 4075 196 4149 qui.
209 4074 349 4149 Numquid
360 4091 418 4134 neu
429 4073 595 4132 membrum
607 4074 671 4144 ejus
679 4071 734 4128 luit
744 4071 874 4130 Pilatus?
884 4075 963 4130 Nun·
1017 4077 1102 4150 (Psoi.
1120 4079 1185 4142 nav).

132 4161 727 4239 55155555555555155155555115551
741 4167 960 4235 persequentes,
1051 4189 1065 4216 a
1080 4167 1114 4224 Et
1129 4182 1196 4222 eum
1212 4165 1379 4237 jejunasset
1397 4163 1593 4238 quadraginta
1606 4163 1713 4221 diebus
1726 4167 1757 4220 et
1770 4181 1848 4238 qua·

130 4255 280 4315 etmilitea
288 4252 512 4326 crucifigentes?
524 4252 641 4324 Utique.
653 4251 725 4308 (lum
737 4269 805 4325 ergo
816 4253 913 4325 majus
923 4253 963 4316 sit
994 4265 997 4272 ·
1016 4279 1029 4307 n
1047 4255 1182 4330 draginta
1197 4252 1343 4320 nectibus,
1357 4257 1456 4325 555155
1467 4253 1581 4310 esuriit.
1595 4276 1609 4304 a
1621 4252 1652 4310 ln
1663 4270 1696 4311 ee
1707 4255 1848 4332 quodsu-

132 4345 226 4404 occidi
237 4360 327 4418 quam
337 4340 535 4415 tentari,quid
551 4340 661 4398 mirum
672 4340 799 4397 51551511
814 4358 831 4398 5
845 4340 961 4399 (1155515
1015 4347 1170 4418 paraturus
1186 4342 1328 4400 Dominus
1348 4341 1508 4410 diabolum,
1522 4343 1717 4418 quadraginta
1738 4325 1848 4402 dicbus

129 4430 247 4498 tentari,
259 4431 309 4503 qui
334 4447 366 4490 55
380 4428 515 4503 permisit
529 4446 546 4486 5
562 4428 703 4485 memhris
727 4429 793 4500 ejus
808 4431 960 4504 crucifigi?
1014 4439 1049 4490 et·
1059 4431 1254 4506 quadraginta
1268 4431 1404 4492 noctibus
1415 4431 1570 4505 jeJunavit,
1583 4431 1749 4507 5555555515
1761 4449 1850 4490 arma

128 4521 185 4577 Nee
202 4525 248 4576 est
262 4518 477 4586 incredibilesi
493 4518 572 4592 quod
588 4518 687 4574 minus
697 4521 741 4574 551
757 4518 881 4592 5555115
895 4537 961 4594 per·
976 4539 999 4606 5]
1014 4527 1116 4582 555155
1139 4519 1316 4579 tentationes
1331 4520 1450 4589 diaboli,
1463 4521 1611 4594 jejunium
1628 4525 1656 4578 et
1680 4520 1854 4584 arationem.

74 4633 78 4638 ·
128 4608 205 4676 tulit,
218 4607 269 4681 qui
282 4608 475 4681 qucd‘mrq'na
490 4612 546 4680 est,
559 4607 727 4667 emembris
743 4608 893 4667 sustinuit.
904 4611 959 4668 Sed
1015 4629 1080 4670 ease
1090 4610 1319 4682 ostenditq'uxta
1329 4609 1401 4670 illud
1411 4611 1490 4684 qued
1500 4610 1564 4684 1555
1574 4610 1616 4667 eit
1626 4610 1656 4671 in
1667 4611 1845 4690 Evangelio:

128 4697 201 4756 illud
211 4696 338 4754 sollicite
354 4696 440 4754 55515
451 4696 699 4754 considerandum
710 4700 849 4770 estquod
861 4701 960 4759 statim
1016 4701 1101 4760 «Hoc
1111 4716 1207 4774 genus
1220 4717 1279 4760 aen
1291 4699 1418 4773 ejicitur,
1429 4699 1487 4759 nisi
1501 4699 1531 4756 15
1540 4700 1673 4758 oratione
1688 4703 1718 4756 et
1727 4701 1850 4777 jejunio

128 4787 390 4859 postbaptismum
403 4784 961 4862 tentationesdiabcliDominuspertu·
1015 4789 1288 4863 (11511555515111
1317 4789 1473 4848 Paulum«
1485 4789 1587 4848 Omnis
1609 4791 1662 4862 qui
1690 4789 1721 4846 ia
1750 4807 1848 4866 agone

127 4876 178 4946 lit:
193 4877 226 4932 ut
242 4876 444 4950 intelligamus
457 4875 528 4949 quia
542 4880 613 4931 tune
628 4875 841 4934 tentationibus
853 4877 963 4936 diaboli
1016 4878 1176 4949 contendit,
1185 4879 1221 4936 ab
1234 4878 1415 4938 omnibusse
1425 4879 1555 4936 abstinet
1565 4879 1588 4952 (1
1603 4879 1664 4936 Cer.
1677 4883 1726 4954 rx),
1739 4901 1755 4930 a
1769 4879 1849 4938 uum

127 4963 224 5022 aerius
234 4965 531 5038 premimar‚quande
542 4964 580 5022 ab
590 4965 655 5036 ejus
666 4963 806 5022 servitute
814 4966 857 5023 vel
869 4968 963 5026 domi·
1016 4986 1084 5044 ergo
1095 4968 1291 5043 quadraginta
1303 4967 1445 5026 (11555551
1455 4967 1751 5040 nectibusjsjunavit,
1762 4967 1847 5028 omni

127 5052 176 5108 uic
191 5051 329 5108 recodere
345 5053 532 5125 coeperimus,
552 5055 634 5127 juste
657 5053 764 5126 piaque
777 5055 872 5113 virore
895 5074 964 5115 eum
1016 5065 1146 5132 tempore
1160 5057 1224 5114 5115
1248 5056 1400 5130 presentis
1414 5055 1522 5114 eleetos
1547 5060 1649 5114 eontra
1667 5055 1848 5116 tentationes

126 5140 240 5197 Christo
251 5139 480 5209 5515515511555
491 5143 561 5200 51151
571 5144 602 5200 in
615 5142 771 5216 Evangelio
781 5143 956 5218 declaratur,
1013 5147 1126 5221 antiqui
1142 5147 1237 5205 hestia
1259 5151 1406 5204 emtamen
1430 5145 1539 5204 habere
1561 5146 1752 5206 decurtans
1766 5151 1847 5208 certe

127 5229 245 5304 quande
256 5245 424 5288 5555555555
436 5247 453 5286 5
463 5247 552 5302 puero
563 5232 642 5288 elisit
652 5233 904 5300 oum,etmultum
917 5236 958 5294 di·
1013 5237 1208 5312 quadraginta
1223 5235 1327 5294 diebus
1342 5240 1371 5294 et
1385 5236 1582 5310 qnadraginta
1596 5235 1733 5296 noctibas
1749 5235 1846 5297 ueni-

127 5335 264 5392 sccrpens
276 5323 305 5376 et
316 5319 457 5388 clamans,
467 5319 549 5376 exivit
562 5323 867 5393 abeo(Lac.1x).Sieut
877 5326 956 5384 enim
1012 5345 1069 5384 nus
1086 5325 1242 5400 ieiunavit,
1253 5324 1466 5398 predicaturus
1480 5324 1681 5400 Evangelium,
1694 5329 1730 5382 ut
1743 5329 1847 5399 osten:-

127 5395 352 5467 rexncn'ccntra
363 5409 508 5479 subditas,
521 5411 571 5466 sed
581 5413 956 5474 centrarebellesnctienes
1012 5416 1094 5474 deret
1108 5415 1200 5472 Vetus
1215 5432 1232 5472 a
1246 5414 1323 5471 Neve
1345 5431 1404 5472 non
1421 5415 1588 5489 discrepare
1606 5416 1842 5474 Testamentum.

126 5499 237 5558 bellum
252 5503 366 5558 movet:
378 5499 419 5558 115
434 5497 569 5558 (11555155
580 5499 706 5557 validius
722 5519 780 5572 ees,
790 5521 956 5577 55555555
1011 5505 1150 5579 Legimus
1174 5503 1252 5562 enim
1281 5503 1356 5564 dues
1384 5503 1507 5562 eximios
1526 5503 1626 5562 Patres
1642 5503 1842 5578 quadraginta

126 5588 629 5660 5555115155555515555555115151
644 5588 705 5648 leve
723 5593 830 5664 jugum
847 5595 956 5654 Christi
1010 5594 1120 5658 diebus.
1139 5597 1168 5652 51
1192 5591 1326 5658 55511555
1351 5594 1513 5667 jejunasse,
1530 5593 1649 5666 11155555
1669 5591 1787 5654 scilieet¹
1811 5597 1842 5652 51
