3872 6168
101 346 155 405 ‘tat
396 291 402 302 ¹
690 335 866 395 tlottlllrtt
887 335 937 394 DE
958 333 1157 410 tlttlruatt.
1719 339 1779 397 490

106 478 177 533 siam.
191 471 218 526 ln
233 469 283 524 ista
297 466 359 523 solu
370 466 549 524 Ecclesiaest
564 467 746 532 attentorum
762 466 900 540 quiultex
916 471 942 535 Α
957 465 997 520 ait
1012 487 1025 515 a
1041 481 1099 522 rrae
1115 465 1316 534 sabbatorum,
1333 488 1346 515 u
1364 466 1456 538 ipsam
1473 466 1551 522 diem
1568 468 1721 522 bananica
1731 485 1777 524 ro·
1839 481 1847 495 ⁸

103 567 156 638 ejus
169 565 208 618 est
220 559 273 614 vita
286 559 402 614 amana.
419 556 512 630 liujus
527 555 661 614 Ecrlesim
683 573 751 629 pars
774 553 902 610 exsultat
957 554 1579 629 surrectionisintelligercdebemus,quam,
1591 556 1627 611 ob
1638 555 1777 612 honorem

86 695 91 704 .
99 656 151 728 J'aar
164 655 189 707 et
199 649 292 720 regnat
305 645 335 702 in
350 644 442 712 coelis,
459 643 900 719 parsautcmpcregrinaturad·
955 648 982 698 et
999 643 1189 701 reverentiam
1205 645 1337 716 ejusdem
1352 643 1583 714 resurrectionis,
1601 643 1780 704 bominicam

101 743 148 798 bue
161 743 186 795 et
199 733 339 795 laboratio
349 734 445 792 terris.
459 734 574 807 lpsaest
586 730 899 798 arnasanotaltcclesia,
956 731 1154 790 nominamus.
1171 731 1331 804 Quinquies
1347 735 1445 790 nartem
1461 731 1491 788 in
1506 733 1608 790 eadem
1623 731 1669 789 die
1684 731 1781 789 Domi·

98 848 124 904 ia
135 823 511 901 quaruncjasiidcamur,in
521 820 899 896 quatuncglorificabimur.
955 835 1010 876 nus
1026 820 1195 878 homiuibus
1210 821 1666 898 resurgensamortuisapparere
1678 821 1779 879 voluit.

97 923 173 976 latam
187 915 286 971 bonam
301 915 425 970 matrem
435 911 643 968 sicutbonilrlii
654 909 901 968 urrauimiterdili·
955 907 1063 977 Primo,
1081 909 1216 982 apparuit
1230 909 1326 966 ltlariae
1343 909 1531 986 Magdalenaa,
1542 910 1642 986 deque
1656 909 1780 984 ejecerat

96 1021 196 1082 gamus.
211 1001 300 1074 Hujus
314 1016 382 1074 ergo
398 1000 500 1058 matris
514 999 641 1074 gemitus
653 1016 738 1056 neruo
746 998 898 1074 despiciat,
954 1001 1066 1069 septem
1082 996 1235 1069 danaonia,
1252 999 1331 1056 ilenti
1348 1001 1778 1070 admonumeatum;secundo,

96 1093 252 1152 munitiones
264 1090 328 1163 ejus
344 1089 726 1155 nemoeontemaat,desinu
743 1090 899 1162 eiusuamo
953 1085 1048 1142 cidem
1065 1086 1693 1158 Mariaeeumelteratemina,eodemaomine
1705 1107 1779 1146 nun·

94 1182 216 1242 discedat.
232 1181 294 1252 lpse
309 1177 387 1235 euim
404 1177 439 1234 ad
456 1177 507 1233 liei
523 1176 898 1250 Patrisporvcniethaeredi·
953 1179 1068 1248 eupata,
1084 1175 1272 1252 pergentibus
1288 1178 1423 1236 nuntiare
1441 1178 1595 1252 discipulis
1618 1179 1681 1236 suis
1697 1177 1776 1236 illius

86 1277 181 1337 tatem,
196 1267 243 1342 qui
256 1267 388 1324 Ecclesia
405 1265 507 1326 matris
523 1264 552 1321 ia
565 1265 621 1322 fide
635 1264 825 1326 etdilectione
840 1284 898 1323 ser·
953 1264 1205 1333 resurrectionem,
1223 1267 1340 1340 quando
1363 1272 1550 1326 accesserunt
1575 1272 1602 1324 ct
1619 1271 1776 1326 tenuerunt

93 1359 186 1416 varerit
198 1357 347 1414 unitatem.
364 1355 395 1412 lu
408 1353 536 1412 Ecclesia
551 1371 620 1428 ergo
635 1354 898 1428 catholieapcrma-
952 1352 1040 1425 pedes
1055 1353 1134 1426 ejas;
1153 1355 1248 1423 tertio,
1279 1354 1391 1412 Simoni
1417 1357 1510 1424 Petro,
1536 1357 1613 1430 quod
1639 1357 1774 1429 quamvis

93 1453 156 1512 acm,
170 1445 271 1504 divinis
286 1443 411 1516 eloquiis
439 1443 591 1500 humiliter
615 1443 741 1510 obedite,
754 1450 898 1517 praecepta
951 1442 1129 1514 evangelista
1143 1443 1270 1516 qualiter
1282 1443 1326 1500 vel
1352 1445 1499 1516 quomodo
1514 1445 1538 1502 ci
1555 1445 1690 1518 apparuit
1715 1462 1773 1500 non

91 1537 132 1594 Dei
145 1533 260 1590 sollicite
275 1532 429 1588 custodita.
443 1531 496 1596 Qui
512 1533 591 1590 enirn
614 1537 756 1606 praeopta
780 1533 895 1590 Domini
951 1531 1125 1600 manifestet,
1139 1533 1644 1607 tameaquiaapparueritnontacet3
1658 1539 1772 1607 quarto,

90 1627 272 1690 contemnunt,
289 1637 405 1694 semper
419 1621 577 1688 ardebunt;
595 1622 645 1694 qui
666 1639 732 1679 acre
757 1623 896 1680 mandata
951 1619 1088 1676 cuntibus
1104 1621 1219 1678 duobus
1232 1622 1385 1694 discipulis
1401 1623 1429 1679 in
1445 1622 1597 1680 castellum
1621 1624 1771 1693 Emmaus,

88 1714 142 1786 ejus
155 1711 329 1776 custodiunt,
346 1709 409 1768 sine
425 1710 482 1766 fiac
496 1710 676 1784 gaudebuut.
689 1712 722 1767 Et
738 1711 814 1768 sicut
829 1729 896 1768 eon·
951 1709 1068 1781 quanda
1084 1715 1280 1782 cognoverunt
1295 1727 1361 1767 eum
1379 1711 1407 1767 in
1425 1711 1668 1784 tractionepanis:
1681 1711 1773 1769 etillis

88 1800 263 1874 templaribus
278 1799 333 1856 crit
346 1803 453 1856 eterna
468 1805 581 1858 merset
594 1805 701 1858 aterna
716 1801 895 1868 miseria,sic
951 1797 1091 1870 regressis
1109 1797 1137 1853 in
1153 1798 1327 1867 ierusalem,
1353 1803 1381 1855 et
1398 1799 1611 1858 invenientibus
1636 1799 1772 1858 undecim

87 1888 273 1946 obedientibus
288 1893 397 1946 eterna
411 1889 469 1948 vita
480 1889 598 1946 dabitur
611 1895 639 1946 et
658 1895 765 1948 eterna
784 1889 893 1959 latitia,
950 1891 1151 1962 congregatos,
1167 1891 1195 1944 et
1208 1887 1374 1946 dicentibus
1389 1888 1459 1962 quia
1473 1890 1598 1946 surrexit
1620 1891 1772 1959 Dominus,

87 1978 234 2050 pertesum
246 1977 672 2036 ChristunaFiliurnDomimun
687 1985 831 2047 nostrum,
843 1980 893 2052 qui
948 1993 1014 2032 vere
1028 1980 1056 2034 et
1072 1977 1208 2049 apparuit
1222 1977 1345 2044 Simoni,
1364 1983 1431 2038 tune
1447 1977 1549 2052 quinta
1559 1979 1619 2036 vice
1634 1979 1712 2036 venit
1725 1980 1773 2048 Je-

85 2067 143 2124 aiat
156 2071 182 2124 ct
195 2071 297 2140 regnat
314 2066 343 2124 lu
359 2065 465 2124 secuta
480 2065 664 2135 secutorum,
679 2069 781 2124 Amen.
949 2081 1011 2132 sus,
1027 2069 1056 2121 et
1071 2065 1151 2121 stetit
1166 2065 1195 2122 in
1212 2067 1317 2123 medio.
1334 2068 1368 2123 Et
1383 2067 1438 2124 boc
1453 2073 1507 2138 est,
1519 2069 1773 2142 quodauncevau-

572 2210 596 2228 ,r
948 2152 1052 2226 gelista
1066 2153 1151 2210 dicit:
1170 2175 1183 2205 a
1198 2153 1270 2210 Cum
1286 2160 1363 2214 esset
1378 2172 1454 2224 sero,
1469 2180 1484 2210 a
1501 2161 1529 2214 et
1544 2155 1665 2231 reliqua.
1675 2157 1773 2216 ltatio·

336 2208 489 2266 HOMH‘IA
511 2209 625 2266 LXXXI·
949 2241 1084 2298 nabiliier
1103 2247 1201 2300 nutem
1224 2244 1314 2316 quari
1341 2248 1436 2317 potest
1460 2247 1606 2320 quomode
1630 2246 1772 2304 Dominus

326 2314 356 2354 ¹⁸
375 2315 481 2356 ⁰⁰²⁸*
503 2316 629 2356 PASCHAE·
948 2335 1013 2404 prat
1025 2331 1267 2390 resurrectionem
1277 2333 1619 2408 verumcorpushabeus,
1631 2335 1667 2394 ad
1683 2335 1771 2393 disei-

108 2423 193 2490 (Jma.
210 2425 268 2490 aa.)
285 2445 299 2474 α
320 2424 351 2480 la
367 2421 661 2496 illotempure2Gu1n
678 2430 831 2482 seruasset
846 2426 892 2482 die
947 2417 1032 2492 pulos
1050 2420 1160 2478 loribus
1175 2419 1282 2479 clausis
1298 2423 1452 2480 intromitti
1469 2425 1571 2497 potuit.
1579 2425 1634 2482 Sed
1642 2419 1771 2498 quiahoc

80 2508 149 2566 «illo
165 2528 221 2568 una
234 2511 439 2584 sabbatorum,
454 2515 483 2568 et
499 2513 574 2570 lorea
588 2517 687 2570 essent
702 2513 818 2582 clause,
842 2515 891 2572 ubi
948 2508 1082 2565 mirabile
1098 2509 1207 2566 factum
1222 2528 1256 2568 ea
1271 2527 1302 2567 se
1326 2528 1384 2568 non
1400 2511 1483 2568 facile
1510 2513 1643 2586 cognosci
1666 2517 1770 2586 potest,
1791 2549 1793 2556 ι

82 2621 93 2650 a
105 2603 179 2656 eraut
190 2599 329 2675 discipuli
343 2601 509 2674 cougregati
526 2606 762 2674 preptcrmetum
777 2601 891 2659 tuaaeo-
947 2597 982 2653 de
997 2597 1064 2655 aliis
1080 2598 1309 2656 mirabilioribus
1323 2599 1349 2672 ej
1355 2617 1389 2656 us
1404 2601 1542 2674 operibus
1557 2601 1600 2658 vel
1622 2602 1771 2658 miraculis

81 2711 91 2736 a
106 2706 174 2745 rum.
191 2712 205 2740 a
222 2691 255 2746 Et
269 2688 395 2762 reliqua.
413 2690 530 2758 Quoties
545 2689 670 2764 legimus
685 2689 844 2765 discipulos
862 2692 891 2748 in
947 2704 1039 2744 unum
1055 2688 1091 2743 ad
1107 2687 1279 2744 memoriam
1296 2688 1482 2746 reducamus.
1498 2689 1571 2746 Nam
1596 2689 1772 2747 universalis

79 2775 179 2834 bomini
195 2777 334 2850 passione
349 2778 495 2847 timuisse,
512 2784 541 2835 et
554 2780 692 2852 postejus
704 2781 891 2838 resurrectio·
946 2774 1073 2833 Ecclesia
1085 2776 1240 2832 confitetur
1253 2792 1321 2832 eum
1335 2792 1369 2832 ex
1376 2775 1494 2850 Virgine
1510 2777 1770 2850 essenatum3qaid

82 2867 890 2940 nemproptermclumJudmorumiueouolariresedisse,
945 2881 1013 2939 ergo
1029 2869 1074 2922 est
1101 2864 1210 2920 mirum
1234 2864 1258 2920 si
1284 2863 1517 2938 incorruptibilia
1539 2869 1568 2922 et
1591 2865 1772 2923 immortalia

80 2971 126 3010 non
141 2973 202 3028 epm
218 2955 422 3030 indignatione
437 2956 639 3029 accipiendum
656 2957 768 3026 est,sed
784 2957 891 3031 fragili·
946 2953 1078 3008 membra
1092 2952 1127 3007 ad
1144 2949 1304 3024 discipulos
1307 2951 1410 3024 januis
1418 2950 1705 3022 clausisintroduait,
1715 2954 1767 3027 qui

80 3043 480 3104 tatieorumconecdendum.
501 3045 630 3120 Fragilcs
654 3062 779 3119 namque
802 3046 890 3104 etin·
946 3041 1112 3098 mortaleet
1130 3039 1318 3113 corruptibile
1348 3057 1453 3113 corpas
1482 3045 1613 3100 eautero
1638 3041 1767 3117 Virginis

80 3130 153 3200 teari,
170 3134 293 3192 necdum
311 3132 407 3206 gratia
417 3133 540 3206 Spiritus
547 3135 639 3192 sancti
647 3133 891 3208 pleniter-luerunt
945 3129 1044 3188 clauso
1058 3129 1177 3186 eduxit?
1190 3129 1281 3204 lgitur
1296 3129 1320 3186 si
1335 3129 1414 3203 quod
1430 3131 1560 3202 mejuset
1575 3129 1770 3199 lecit,nonest

77 3224 249 3294 corroborati,
266 3223 341 3300 quia
355 3224 433 3282 sicut
456 3224 633 3300 evangelista
657 3225 711 3281 ait:
728 3247 742 3275 a
759 3225 888 3282 Necdum
903 3207 926 3278 G
947 3221 1064 3288 mirum,
1081 3219 1195 3292 siquod
1210 3218 1307 3276 minue
1323 3223 1366 3276 est
1381 3218 1475 3276 lacere
1491 3219 1594 3292 potuit.
1611 3221 1672 3278 Non
1688 3221 1767 3278 enim

78 3316 128 3366 erat
140 3313 263 3386 Spiritus
279 3315 380 3382 datus,
396 3312 466 3386 quia
480 3313 567 3371 Jesus
582 3313 712 3370 nondum
730 3313 889 3388 lucratglo·
944 3309 1042 3366 divina
1056 3307 1194 3382 mysteria
1207 3307 1339 3364 humana
1354 3307 1465 3364 ratione
1481 3307 1606 3382 pleniter
1631 3326 1767 3383 eompre-

76 3399 189 3458 rifiaetus
203 3403 295 3476 (loca.
313 3403 374 3474 vu).
388 3424 402 3454 a
419 3403 475 3460 Sed
491 3403 542 3476 qui
557 3401 764 3477 priusproptcr
778 3407 889 3460 metum
944 3396 1032 3455 hendi
1049 3399 1181 3470 possunt,
1193 3400 1265 3454 teste
1277 3395 1582 3470 Psalmista,quiait:«
1600 3397 1766 3474 Nimispro·

76 3485 226 3547 iudeorum
241 3491 273 3548 in
288 3490 421 3548 conclavi
434 3490 611 3561 residebant,
628 3498 783 3566 postquam
798 3491 890 3566 Spiri·
943 3483 1808 3571 sundalaotaesuutccgitutionestuasql'aut.xcai.»llincb
1889 3524 1893 3531 ι

77 3577 128 3632 tam
142 3583 274 3638 sanctum
290 3577 447 3639 visibiliter
457 3585 641 3652 acceperunt,
658 3585 739 3640 tanta
749 3587 889 3640 coustan-
944 3580 973 3634 et
987 3574 1128 3648 propbeta
1142 3572 1311 3634 aliusdicit:
1331 3598 1341 3626 ι
1356 3575 1426 3640 Quis
1437 3575 1698 3650 cognovitsensum
1712 3575 1768 3633 Da-

77 3662 184 3726 tiasuat
197 3667 379 3736 conternati,
397 3671 428 3722 ut
439 3667 891 3742 absqueullatrcpidationeante
946 3665 1028 3734 mini,
1045 3668 1096 3720 aut
1109 3663 1176 3738 quis
1191 3663 1389 3720 consilliarius
1413 3663 1478 3736 ejus
1501 3664 1575 3720 luit‘l
1591 3688 1605 3718 a
1624 3668 1686 3737 (lau.
1711 3665 1768 3738 xc.)

77 3753 207 3830 principes
222 3763 251 3816 et
266 3755 439 3816 sacerdotes
455 3756 613 3816 Dominum
622 3760 838 3816 confiterentur:
848 3759 891 3816 sa·
946 3753 1027 3812 Unde
1042 3757 1071 3810 et
1084 3752 1234 3826 apostolus
1250 3751 1410 3823 Paulus,at
1422 3753 1654 3828 magnitudinem
1663 3759 1770 3828 myste-

77 3843 359 3918 ctumqueccrnimas
374 3844 549 3918 inapostolis
565 3845 891 3920 perquamdamsimili-
946 3843 1056 3900 riorum
1074 3842 1121 3899 Dei
1137 3841 1260 3914 pleniter
1274 3841 1482 3914 conaprehendi
1496 3860 1555 3900 aron
1570 3861 1655 3917 posse
1670 3848 1771 3901 osten·

78 3926 203 4000 tudinem,
218 3933 299 4008 quod
319 3931 394 3989 solet
409 3929 471 3988 lieri
487 3930 517 3988 iu
533 3933 629 4005 aquis,
643 3951 706 4004 quae
717 3934 790 3992 dum
805 3940 891 3992 natu·
947 3932 1036 4000 deret,
1064 3930 1119 3986 ait:
1139 3930 1190 3986 «0
1221 3929 1344 3987 altitudo
1372 3930 1541 3990 divitiarum
1565 3933 1715 4006 sapientia
1742 3938 1771 3989 et

78 4015 161 4074 raliter
174 4019 293 4093 liquidas
310 4024 391 4087 sont,
408 4019 433 4076 si
449 4019 540 4077 nimie
554 4019 620 4094 gelu
636 4025 719 4078 tacte
730 4022 892 4092 suarint,ad
946 4019 1072 4077 scientim
1088 4017 1150 4087 Dei,
1165 4035 1254 4092 qaam
1266 4019 1648 4092 incomprehensibiliasuat
1659 4020 1772 4095 judicia

78 4104 331 4168 laabmduritiam
346 4109 520 4181 perveniunt
534 4115 567 4165 ut
582 4110 610 4166 in
627 4109 788 4167 cristallum
800 4111 893 4169 duris·
946 4111 1021 4183 ejus,
1036 4112 1065 4165 et
1079 4107 1297 4182 iuvestigabiles
1321 4107 1373 4165 vie
1397 4109 1478 4186 ejusl
1497 4132 1511 4160 u
1536 4111 1622 4182 (Rura.
1647 4113 1698 4180 xa.)
1714 4111 1769 4167 Sed

76 4192 170 4250 simum
185 4195 321 4272 lapidem
332 4198 599 4266 convertantur,ita
616 4201 647 4254 ut
659 4198 785 4256 viaierro
800 4201 892 4258 secari
947 4199 1018 4272 quid
1034 4202 1115 4254 stans
1130 4197 1160 4252 in
1176 4196 1271 4254 medio
1286 4197 1350 4269 ejus
1365 4197 1480 4270 dixerit,
1496 4197 1662 4256 audiamus.

76 4282 184 4352 possint,
200 4285 249 4344 Sia
264 4291 295 4344 et
312 4285 453 4359 discipuli
469 4291 536 4342 nate
556 4287 741 4344 donationem
766 4288 893 4362 Spiritus
984 4311 998 4341 a
1014 4289 1071 4345 Pax
1086 4286 1177 4343 vobis.
1190 4308 1204 4336 »
1220 4284 1344 4342 Pulchre
1356 4286 1500 4344 Dominus
1514 4287 1771 4364 postresurrectio·

77 4371 166 4440 saaca,
182 4373 744 4448 infirmitatecaruisgravatitimebant,
756 4377 892 4451 scdpost·
948 4394 1014 4434 nem
1030 4375 1183 4450 discipulis
1199 4374 1261 4432 suis
1277 4375 1405 4448 primum
1422 4392 1522 4450 pacem
1543 4375 1768 4444 commendavit,

77 4469 152 4526 quam
167 4461 295 4536 Spiritus
306 4462 402 4520 saneti
412 4463 784 4538 gratiasuatcunstipulati,
796 4467 893 4524 iatan·
948 4467 1105 4526 ostendens
1119 4464 1260 4522 nimirum
1275 4463 1628 4539 discordiamangelorum
1639 4464 1771 4522 ethemi-

78 4546 128 4601 tum
143 4547 230 4610 sortes
246 4555 321 4612 sant
336 4550 451 4620 redditi,
467 4551 554 4626 utqui
572 4551 891 4628 priusproptermetum
910 4581 934 4648 D
949 4574 1020 4614 num
1036 4571 1088 4630 per
1100 4571 1185 4612 suam
1200 4552 1441 4614 resurrectionem
1455 4555 1648 4628 pacificatam.
1667 4554 1706 4610 Ex
1720 4551 1770 4609 illo

77 4629 229 4699 iudeorum
246 4639 419 4702 residebant
432 4639 463 4697 in
478 4639 895 4718 conclavipostmodumgau·
949 4645 1027 4704 enim
1041 4649 1181 4718 tempore,
1193 4643 1370 4719 quoprimas
1381 4643 1622 4717 bomopcccando
1633 4659 1771 4702 accusor-

77 4719 195 4785 duabsu
210 4731 375 4804 conspeetu
392 4728 507 4786 concilii
527 4729 613 4798 irent,
639 4730 769 4790 diceutes
785 4749 895 4792 ecesse
951 4735 989 4792 tio
1005 4733 1176 4808 angelornm
1192 4737 1362 4808 segregatus
1378 4737 1432 4803 est,
1449 4733 1524 4790 inter
1537 4750 1587 4790 eos
1602 4749 1710 4806 magna
1722 4749 1770 4788 ex·

78 4831 89 4856 a
103 4811 198 4886 dignos
208 4816 895 4898 pronominetesucontameliamputi(rlcl..v),»
951 4824 1026 4880 stitit
1040 4824 1197 4880 discordia.
1215 4822 1296 4888 Unde
1311 4823 1340 4878 in
1356 4822 1453 4880 Veteri
1467 4823 1653 4878 Testamenta
1675 4819 1771 4895 augeli

78 4895 219 4962 l‘ideamus
235 4911 352 4982 quauta
367 4905 539 4963 tortitudine
555 4907 658 4964 Petrus
674 4908 896 4981 apostolus,ac·
952 4914 988 4971 ab
1002 4912 1173 4974 bominibus
1188 4912 1354 4985 frequenter
1373 4910 1485 4969 adorati
1509 4911 1599 4968 luisse
1623 4909 1771 4984 leguntur.

77 4993 147 5060 capto
160 4993 272 5066 Spiritu
289 4994 511 5063 sanctadona
528 4999 599 5052 erat.
616 4995 755 5061 Quicnim
771 5001 896 5072 priusad
952 5003 1009 5060 Sed
1025 5005 1092 5075 pest
1107 4999 1221 5057 Domini
1237 4999 1478 5057 resurrectionem
1493 5016 1551 5056 non
1576 4999 1727 5073 permittat
1742 5014 1774 5056 se

78 5089 162 5136 leuem
175 5081 291 5142 ancillae
298 5083 898 5164 Dominumetmagistrumsuumnegavc·
953 5093 990 5151 ab
1006 5090 1176 5148 bominibus
1192 5089 1307 5145 adorari
1323 5087 1352 5144 in
1368 5088 1463 5160 terris,
1473 5088 1613 5162 quoniam
1623 5089 1714 5146 Deum
1726 5088 1776 5146 ho·

79 5169 124 5234 itt,
137 5175 233 5239 postea
248 5177 320 5230 ante
334 5171 501 5230 tremendos
513 5171 672 5247 principes,
683 5180 711 5231 et
724 5179 895 5238 metuendas
952 5181 1061 5238 minem
1076 5179 1199 5237 adorant
1213 5176 1244 5234 ia
1260 5176 1351 5234 coelis.
1368 5179 1430 5245 Oua
1445 5193 1479 5235 ex
1491 5193 1522 5234 re
1532 5183 1576 5250 (nt
1591 5179 1632 5238 ait
1645 5179 1775 5259 Joannes
1856 5221 1870 5237 a

79 5257 233 5330 potestates,
250 5261 345 5318 libera
358 5278 427 5318 voce
441 5277 509 5317 eum
528 5261 682 5320 confessus
705 5269 760 5337 est,
775 5266 895 5326 dicens:
950 5269 980 5326 in
996 5266 1179 5344 Apocalypsi)
1195 5267 1266 5324 dum
1280 5265 1366 5323 vellet
1381 5266 1518 5342 angelum
1533 5269 1665 5340 adorare,
1676 5266 1775 5342 probi·

79 5339 220 5405 «Obedire
234 5353 353 5422 oportet
367 5349 424 5406 Deo
444 5350 539 5424 magis
564 5367 653 5426 quam
678 5351 862 5427 hominibus;
880 5379 894 5409 a
951 5357 1098 5414 balteum
1114 5355 1246 5430 angelus,
1262 5356 1376 5414 dicens:
1398 5376 1408 5407 a
1424 5355 1496 5414 Vide
1521 5372 1557 5414 ne
1571 5357 1682 5426 leceris,
1707 5372 1776 5412 con·

78 5429 101 5482 ei
115 5429 229 5495 ibmm:
247 5459 262 5490 a
279 5437 311 5494 Si
323 5437 438 5510 justum
454 5443 499 5495 est
514 5455 563 5496 vos
579 5440 676 5514 potius
688 5441 789 5498 audire
805 5461 894 5517 quam
950 5463 1052 5504 servas
1067 5450 1136 5502 tuus
1150 5461 1217 5502 sum
1233 5449 1261 5502 ct
1276 5445 1399 5502 fratrum
1409 5450 1527 5504 tuorum
1538 5445 1709 5504 habentium
1734 5447 1775 5502 te·

80 5519 234 5595 Quinum,
247 5525 398 5600 judicate:
415 5545 472 5584 non
489 5527 567 5584 enim
580 5545 740 5604 possumus
752 5533 896 5604 quaevidi·
951 5535 1123 5594 stimonium
1139 5533 1224 5606 Jesu,·
1241 5533 1334 5592 lleam
1349 5535 1439 5594 adora
1464 5537 1553 5612 (apoc.
1570 5535 1639 5610 xia).
1656 5557 1671 5586 »
1695 5533 1775 5590 Hane

80 5618 140 5670 uua
150 5615 177 5672 et
193 5613 362 5674 audivimus
378 5631 435 5674 uon
450 5615 607 5694 loquttrlet.
620 5617 666 5694 rvi.
686 5618 787 5692 »Quod
798 5625 895 5684 autera
952 5641 1021 5710 ergo
1046 5641 1148 5714 pacem
1178 5641 1230 5706 per
1257 5641 1342 5688 suam
1365 5625 1607 5686 resurrectionem
1630 5619 1775 5682 redditam

227 5743 361 5810 Panaca.
384 5741 516 5814 exeita.
1073 5785 1077 5794 ι
1503 5749 1505 5754 “
1579 5747 1616 5814 lt
