4018 6178
110 418 141 476 ll
715 413 892 478 HOMlLlAE
913 414 963 476 DE
986 416 1187 481 TEMPORE.
1765 426 1805 484 78

107 547 180 604 lestet
192 563 264 603 cum
288 546 361 604 dicit
377 566 384 604 :
400 571 413 598 «
431 547 574 604 Futurum
599 553 643 604 est
666 547 756 616 enim,
772 549 805 603 ut
830 547 920 604 llere·
937 549 965 616 Α
980 546 1171 623 lemaus,qui
1187 551 1276 609 unius
1290 551 1342 610 Dei
1356 552 1451 610 cultor
1465 553 1626 623 videbatur,
1642 555 1804 615 trinitatem

109 639 173 694 «des
183 640 298 710 quaeret
307 653 432 710 puerum
444 637 479 693 ed
492 637 762 710 perdendumeum.
773 659 788 686 a
799 639 923 705 Quaeret,
978 655 1036 694 non
1059 639 1257 714 intelligendo,
1274 642 1303 697 in
1325 641 1422 700 varios
1446 644 1515 700 deos
1539 641 1702 702 incideret:
1727 645 1806 703 unde

106 727 200 800 iuquit,
217 727 254 783 ed
271 727 466 800 perdendum,
484 727 533 782 sed
550 743 607 783 non
624 725 751 782 inveniet
766 727 801 782 ed
815 724 925 782 intertl-
979 726 1064 800 plure
1076 729 1106 785 in
1121 729 1230 786 nostris
1246 730 1397 790 codicibus
1412 732 1560 807 leguntur,
1570 750 1634 806 qua
1645 733 1674 790 iu
1686 735 1807 806 Septua·

106 817 242 872 ciendum.
269 817 384 883 Quanto
408 819 504 872 autem
529 814 627 872 studio
648 815 755 888 loseph
772 819 800 872 et
815 813 923 870 sollici·
978 816 1060 889 ginta
1084 817 1294 892 interpretibus
1318 837 1376 877 non
1401 820 1557 890 habentur,
1584 821 1662 878 sicut
1683 826 1727 880 est
1750 822 1806 880 boo

105 904 195 961 tudine
210 909 334 978 paratus
359 909 435 962 esset
457 903 597 978 angelicis
620 904 737 961 obedire
759 901 923 976 praeceptis,
979 905 1165 978 (dedicarint
1179 930 1193 958 a
1208 909 1248 964 Ex
1263 909 1384 983 AEgypto
1399 911 1497 968 vocavi
1512 910 1607 968 filium
1618 927 1728 968 meum.
1740 933 1755 962 u
1771 912 1807 968 ut

58 994 62 1008 '
105 994 301 1050 manifestatur
315 1011 384 1050 aum
400 993 591 1068 subjungitur
606 1010 613 1048 τ
979 992 1050 1051 illud
1065 1012 1071 1050 :
1087 1019 1101 1047 a
1113 997 1256 1060 Quoniam
1266 997 1420 1055 Nucerinus
1430 999 1591 1057 vocabitur.
1605 1021 1619 1050 r
1631 1001 1666 1058 Bt
1678 1016 1684 1055 :
1698 1023 1712 1051 e
1725 999 1808 1057 Vide·

135 1107 147 1133 e
161 1083 213 1148 Qui
224 1099 408 1156 consurgens
422 1081 533 1156 accepit
544 1099 668 1155 puerum
685 1087 714 1140 et
724 1087 847 1139 matrem
859 1083 923 1155 ejus
978 1079 1052 1139 bunt
1067 1085 1096 1139 in
1113 1101 1200 1158 quem
1216 1088 1467 1145 transfixerunt.»
1485 1088 1624 1146 Nonnulli
1639 1093 1737 1146 autern
1752 1089 1809 1147 hoc

106 1177 257 1240 «necteret
273 1173 396 1228 secessit
410 1172 440 1227 in
453 1173 618 1245 AEgyptum.
629 1194 642 1222 n
661 1171 723 1230 Non
739 1171 817 1227 enim
831 1173 924 1228 noctis
978 1173 1179 1229 testimouium
1195 1175 1230 1230 de
1246 1176 1442 1234 Numerarem
1458 1177 1532 1233 libro
1544 1181 1696 1251 sumptum
1712 1177 1808 1234 volue-

105 1262 229 1318 teueBras
245 1265 393 1330 metusne,
409 1261 505 1318 lucem
528 1261 715 1334 exspectavit,
732 1277 790 1317 non
806 1261 922 1334 perfida
978 1265 1047 1317 runt
1063 1261 1216 1329 essa‚illud
1226 1264 1336 1322 scilicet
1346 1267 1464 1323 Balaam
1480 1266 1582 1336 divini,
1598 1266 1649 1322 ubi
1661 1267 1805 1340 seriptum

104 1351 188 1424 gentis
203 1349 411 1407 crudelitatem
427 1367 547 1424 pavens,
563 1351 593 1406 in
609 1349 731 1406 alteram
749 1355 860 1422 partem
877 1351 924 1407 de·
978 1355 1043 1407 est:
1064 1374 1078 1402 «
1095 1355 1169 1408 Deus
1185 1369 1219 1407 ex
1234 1354 1354 1427 AEgypto
1368 1355 1482 1412 vocavit
1495 1371 1576 1425 eum,
1590 1359 1620 1412 et
1630 1353 1725 1428 gloria
1740 1357 1805 1428 ejus

103 1439 219 1508 nituerit,
237 1440 289 1498 sed
307 1456 527 1514 «consurgens,
544 1438 656 1512 accepit
671 1455 795 1511 puerum
816 1445 845 1494 et
860 1455 922 1494 ma·
977 1440 1062 1513 quasi
1078 1441 1229 1498 unicornis
1244 1441 1314 1513 (Oce.
1326 1444 1376 1515 nr).
1388 1466 1402 1494 n
1418 1444 1498 1508 Quod
1511 1444 1647 1518 quemvis
1657 1445 1693 1501 de
1707 1444 1804 1502 Judae-
1876 1513 1882 1524 ἱ

18 1572 19 1595 ,
103 1533 168 1584 trem
182 1529 248 1600 ejus
265 1532 359 1596 noete,
376 1533 404 1585 et
419 1529 539 1585 secessit
554 1527 583 1584 in
605 1529 769 1601 AEgyptum.
786 1551 800 1578 e
818 1527 923 1602 Magne
977 1545 1061 1584 orum
1077 1529 1186 1602 popule
1201 1531 1294 1603 possit
1308 1530 1498 1604 intelligi,qui
1512 1532 1546 1589 de
1561 1533 1681 1606 AEgypto
1698 1533 1734 1588 ad
1751 1538 1805 1589 ter·

103 1617 224 1689 potentia
239 1616 368 1686 Domini,
379 1617 429 1673 sed
441 1634 498 1673 non
515 1617 611 1673 minor
626 1618 689 1688 ejus
705 1616 795 1673 claret
805 1616 923 1673 bumili-
977 1633 1040 1672 ram
1056 1617 1292 1690 repromissionis
1314 1624 1434 1676 vocatus
1457 1624 1511 1687 est,
1527 1623 1623 1693 potest
1637 1624 1665 1676 et
1680 1622 1716 1678 dc
1731 1620 1804 1680 Filio

102 1703 920 1778 taellleenimantetaciempersecutorislugerevoluit,
976 1704 1027 1761 Dei
1043 1705 1145 1778 accipi,
1163 1706 1225 1779 qui,
1241 1711 1308 1780 post
1323 1707 1437 1764 obitum
1461 1708 1594 1778 Herodis,
1618 1707 1725 1766 iterum
1741 1726 1804 1766 mo·

101 1795 141 1850 cui
155 1793 252 1867 angeli
268 1794 448 1851 ministrant.
464 1795 548 1867 Fugit
562 1793 704 1850 Dominus
720 1794 749 1849 in
767 1796 920 1868 AEgypturn
977 1799 1063 1850 naute
1078 1794 1192 1869 angelo,
1209 1796 1245 1852 ed
1262 1801 1369 1852 terrem
1387 1795 1476 1854 lsrael
1491 1801 1536 1854 est
1553 1813 1697 1854 reversus.
1811 1783 1813 1791 γ

100 1883 178 1940 idolis
197 1882 328 1958 plenam,
344 1882 492 1940 cunabula
506 1883 613 1940 ludere
629 1883 725 1956 gentis
741 1882 919 1956 relinquens,
1012 1907 1026 1934 a
1043 1885 1124 1940 l‘unc
1139 1884 1278 1951 Herodes,
1295 1884 1398 1942 videns
1420 1885 1560 1958 quoniam
1575 1884 1682 1942 illusus
1696 1889 1806 1943 assate

101 1971 178 2028 etiam
186 1971 253 2046 ipso
262 1973 321 2028 situ
330 1972 460 2045 corporis
471 1973 638 2040 ostendens,
647 1972 724 2044 quod
734 1973 920 2044 postmodum
978 1994 992 2023 «ι
1008 1971 1113 2046 magis,
1130 1972 1251 2029 mittans
1275 1973 1381 2029 oceidit
1403 1989 1506 2030 omnes
1521 1991 1640 2047 pueros,
1655 1973 1706 2048 qui
1722 1977 1806 2032 erent

101 2061 225 2118 dicturus
240 2065 323 2118 eret:
342 2061 431 2117 «Non
446 2061 512 2116 veni
526 2077 628 2117 vocare
641 2061 807 2132 justos,sed
823 2077 921 2134 pecea—
976 2085 990 2113 «
1002 2061 1032 2117 in
1044 2060 1214 2118 Bethlehem
1227 2066 1256 2119 et
1267 2061 1297 2118 in
1308 2063 1447 2122 omnibus
1458 2061 1568 2120 finibus
1579 2064 1680 2136 ejus,e
1690 2063 1804 2120 bimatu

100 2155 168 2208 tores
184 2152 221 2208 ad
237 2149 441 2225 poenitentiam
457 2149 549 2224 (llere.
565 2151 614 2222 ur).
632 2171 646 2202 a
977 2172 991 2202 a
1005 2155 1034 2206 et
1049 2151 1135 2219 intre,
1161 2151 1325 2207 secuudum
1350 2156 1467 2225 ternpus
1492 2152 1570 2225 quod
1596 2151 1773 2224 exquisierat
1786 2167 1806 2208 a

130 2265 143 2291 ιι
157 2242 192 2296 Bt
209 2245 271 2298 eret
287 2241 340 2308 ibi,
356 2240 501 2312 usquead
526 2239 639 2296 obitum
660 2239 790 2296 Herodis.
809 2263 822 2288 e
838 2240 919 2304 Quod
977 2260 991 2288 ι(
1007 2238 1111 2310 magis.
1125 2261 1138 2289 υ
1153 2238 1234 2303 Quod
1250 2245 1348 2296 eutem
1366 2241 1442 2309 eit,«
1458 2243 1540 2298 Teuc
1559 2242 1686 2298 llerodes
1700 2242 1803 2299 videus

100 2329 226 2386 nonnulli
241 2334 310 2403 post
324 2328 509 2403 quadriennii
528 2328 712 2400 tempus,elii
728 2333 794 2402 post
809 2328 919 2386 biennii
975 2328 1113 2400 quoniam
1125 2327 1232 2385 illusus
1243 2330 1464 2404 essetamagis,
1475 2353 1488 2382 e
1502 2330 1538 2386 ed
1549 2330 1701 2406 superiore
1713 2331 1804 2388 Bran·

101 2419 201 2475 lertnm
216 2433 282 2476 esse
297 2415 743 2490 commemorant.spiritualiter
754 2423 851 2473 eutem
863 2418 920 2474 ltla·
975 2415 1042 2489 gelii
1058 2415 1185 2490 respicit,
1202 2418 1253 2474 uhi
1278 2418 1390 2475 dictum
1415 2425 1469 2488 est,
1487 2419 1556 2491 quie
1582 2435 1650 2476 cum
1674 2419 1803 2476 Herodes

101 2507 138 2562 ria
159 2512 187 2564 et
210 2507 332 2581 loseph,
358 2507 452 2582 legem
476 2507 720 2580 synagogamque
742 2506 919 2579 significent.
975 2505 1105 2562 mitteret
1120 2523 1223 2580 magos
1238 2508 1267 2564 iu
1285 2507 1464 2578 Bethlehem,
1477 2508 1571 2565 dixit:
1589 2531 1603 2560 α
1616 2509 1659 2565 lte
1674 2511 1703 2565 et
1716 2507 1805 2564 inter·

100 2603 234 2672 Aigyptos
249 2613 378 2670 quoque,
395 2613 458 2668 quae
474 2596 594 2653 tenebre
608 2593 652 2650 vcl
664 2611 762 2651 moercr
775 2595 920 2668 interpre-
975 2597 1074 2667 rogate
1089 2595 1246 2669 diligenter
1261 2597 1296 2653 de
1321 2615 1410 2669 puero
1425 2596 1531 2668 (Marte.
1546 2601 1589 2667 11),
1606 2619 1620 2648 n
1636 2601 1666 2654 et
1679 2597 1802 2671 relique.

102 2692 180 2754 tetur,
196 2687 342 2743 mundum
358 2685 515 2759 significet,
541 2684 591 2757 qui
609 2688 675 2757 post
691 2684 804 2739 Domini
826 2685 921 2740 incar·
974 2683 1030 2739 Sed
1047 2683 1116 2755 quie
1130 2701 1270 2758 responso
1286 2690 1404 2758 accepto
1424 2686 1454 2743 in
1481 2685 1593 2742 somnis
1614 2702 1651 2742 ue
1675 2686 1804 2743 redirent

102 2777 241 2832 nationem
256 2775 286 2832 in
301 2773 430 2831 tenebris
444 2773 626 2847 ignorantiae,
643 2777 671 2829 et
694 2773 800 2828 umbra
815 2773 920 2829 mortis
974 2772 1010 2827 ed
1026 2773 1180 2840 llercdem,
1196 2791 1249 2847 per
1263 2773 1352 2831 aliam
1367 2775 1443 2831 viam
1460 2775 1566 2832 reversi
1583 2777 1652 2832 sunt
1667 2775 1696 2830 in
1712 2775 1803 2847 regio-

101 2865 139 2921 rel
153 2864 283 2922 moeroris
297 2869 327 2920 et
342 2863 485 2936 angustie
496 2861 611 2936 positus
622 2859 752 2930 sedebat,
764 2861 839 2918 sicet
849 2864 921 2934 Apo
975 2878 1041 2917 narn
1057 2863 1263 2931 suam,videns
1279 2881 1348 2922 sues
1362 2864 1486 2921 insidias
1496 2881 1560 2922 esse
1575 2865 1803 2932 lruetretesira-

103 2955 185 3011 stolus
199 2954 287 3010 dicit:
298 2952 484 3010 «Tribuletio
496 2957 524 3010 et
536 2950 674 3025 angustie
687 2951 717 3006 in
732 2968 849 3008 ornnem
860 2951 920 3007 ani·
974 2953 1023 3005 tus
1039 2954 1083 3006 est
1105 2951 1199 3017 valde,
1225 2953 1365 3026 quoniam
1392 2952 1498 3010 illusus
1522 2957 1600 3010 esset
1615 2971 1632 3010 e
1647 2952 1751 3026 magis.
1765 2953 1801 3010 Bt

103 3059 171 3098 nram
186 3039 316 3098 hominis
332 3041 480 3115 opereulis
502 3041 623 3109 melum,
639 3039 732 3097 Judaei
747 3041 877 3113 primurn
892 3044 920 3096 et
974 3039 1042 3110 quie
1057 3037 1169 3094 occulta
1184 3041 1304 3112 perdere
1320 3059 1443 3114 puerum
1460 3059 1518 3098 non
1538 3044 1643 3114 potuit,
1659 3042 1690 3098 in
1706 3041 1802 3098 mani-

103 3131 182 3187 Greci
197 3131 284 3203 (eom.
298 3133 340 3200 11).
356 3151 370 3180 n
385 3129 473 3195 Quasi
489 3129 566 3186 euim
583 3129 675 3185 Maria
690 3133 718 3185 et
732 3129 840 3203 loseph
856 3145 921 3201 por·
974 3127 1078 3183 sestam
1090 3129 1322 3200 persecutionem
1333 3130 1472 3186 continuo
1483 3131 1601 3186 exarsit.
1609 3152 1623 3180 «
1635 3131 1670 3186 llt
1680 3130 1803 3186 mittens

103 3221 233 3288 tentibus,
251 3219 395 3276 Dominus
416 3219 571 3292 AEgyptem
587 3217 666 3274 venit
682 3219 799 3290 quando
815 3217 877 3294 lege
892 3222 921 3274 et
974 3216 1079 3272 occidit
1094 3233 1197 3274 omnes
1213 3234 1319 3290 pueros
1334 3217 1383 3291 qui
1398 3219 1521 3275 arentin
1536 3217 1716 3286 Bethlehem,
1726 3221 1755 3274 et
1769 3217 1801 3274 iu

103 3309 246 3383 Synagcga
256 3302 499 3382 praecedentibus,
508 3309 652 3364 mundum
663 3307 692 3362 in
704 3308 833 3364 tenebris
843 3325 919 3364 erro·
933 3289 954 3356 C
974 3306 1112 3361 omnibus
1122 3304 1231 3364 linibus
1239 3308 1264 3379 ej
1269 3324 1313 3364 us.
1322 3329 1335 3359 r
1346 3307 1470 3365 Putabat
1479 3307 1653 3381 enim,qnod
1663 3307 1687 3364 si
1699 3323 1802 3364 omues

103 3398 136 3452 ris
149 3397 354 3470 positum,sue
368 3397 533 3454 visitatione
549 3395 843 3469 illustravit,implete
857 3413 921 3470 pro·
973 3396 1057 3468 pueri
1079 3395 1290 3462 occiderentur,
1307 3413 1385 3453 unus
1409 3412 1498 3468 quem
1518 3396 1669 3469 quaerebat
1681 3396 1802 3452 evadere

102 3485 192 3558 phctia
215 3485 308 3555 Isaiae,
330 3485 479 3542 dicentis:
500 3487 599 3542 «Bccc
623 3486 766 3542 Dominus
789 3486 921 3542 escendit
975 3500 1033 3539 non
1057 3488 1166 3556 posset,
1193 3501 1251 3541 non
1276 3485 1436 3556 estimans,
1454 3484 1564 3554 infelix,
1581 3484 1651 3558 quia
1673 3501 1731 3540 non
1758 3489 1803 3542 est

101 3591 181 3647 super
196 3575 304 3632 nubem
321 3575 459 3645 levem,et
470 3575 653 3649 ingredietur
666 3578 862 3648 AEgyptum,et
871 3591 929 3632 cor·
974 3572 1142 3640 consilium,
1161 3590 1218 3630 non
1245 3578 1290 3630 est
1317 3573 1471 3646 sapientie,
1497 3591 1554 3631 non
1578 3577 1623 3630 est
1646 3575 1803 3648 prudentie

101 3665 204 3738 AEgypti
219 3665 351 3721 tabescet
366 3664 395 3720 in
413 3665 508 3721 medio
523 3666 597 3736 ejus,
615 3668 643 3720 et
658 3664 920 3721 commovebuntur
974 3666 1077 3718 contra
1096 3667 1199 3719 Deum.
1226 3663 1308 3719 Unde
1325 3684 1339 3714 e
1355 3680 1372 3719 e
1387 3663 1501 3720 bimatu
1525 3667 1554 3720 et
1574 3662 1650 3720 inlra
1666 3685 1681 3713 »
1696 3679 1803 3736 pueros
1886 3725 1887 3730 η

101 3751 250 3809 simulacre
264 3753 389 3826 AEgypti,
406 3775 421 3804 c
437 3759 465 3809 et
480 3757 583 3810 catere
597 3769 663 3826 quae
678 3756 851 3825 sequuntur.
863 3753 921 3813 Nu·
970 3750 1063 3822 jussit
1081 3749 1222 3820 occidere,
1232 3751 1287 3807 hoc
1307 3755 1391 3820 esta
1410 3769 1500 3825 puero
1511 3753 1636 3808 duorum
1647 3769 1802 3825 annorum,

103 3839 146 3896 les
160 3841 240 3909 levis,
255 3842 336 3916 virgo
353 3847 397 3900 est
413 3843 514 3912 illaria,
531 3860 595 3916 que
610 3859 667 3898 uon
683 3847 728 3898 est
740 3845 859 3916 gravate
875 3859 919 3898 se·
975 3856 1068 3912 usque
1085 3840 1120 3896 ed
1139 3857 1263 3913 puerum
1281 3840 1369 3898 unius
1384 3843 1487 3898 uectis.
1498 3842 1579 3908 Quod
1594 3858 1662 3898 vero
1678 3841 1802 3898 dicitur:

103 3929 173 3986 mine
186 3930 272 3999 virili,
288 3935 318 3988 et
340 3932 426 4005 quasi
443 3947 531 4004 super
546 3932 654 3987 nubem
671 3929 763 3987 levem
778 3931 920 3988 Dominus
975 3951 989 3980 a
1001 3929 1170 3985 Secundum
1181 3933 1299 4002 tempus
1311 3930 1388 4002 qued
1398 3929 1600 4003 exquisierate
1610 3930 1736 4005 magis»
1750 3935 1806 3987 tra-

104 4020 264 4087 nscendens,
278 4020 435 4094 AEgyptum
463 4020 592 4092 intravit,
609 4020 736 4093 quando,
753 4036 871 4076 earnem
886 4037 921 4077 ex
975 4016 1316 4091 dunthistcriaelosaphi
1329 4023 1357 4076 et
1367 4019 1620 4093 Hegesippi,quod
1632 4037 1665 4077 co
1676 4024 1807 4094 tempore

104 4105 202 4180 eirgine
221 4126 388 4177 assumens,
415 4108 525 4166 mundo
549 4109 674 4166 visibilis
689 4109 835 4183 apparuit.
853 4131 867 4158 «
883 4108 921 4165 Ut
976 4105 1096 4179 quando
1111 4109 1213 4163 netum
1230 4123 1328 4181 regern
1341 4107 1511 4165 ludaeorum
1527 4108 1652 4182 emegis
1663 4108 1805 4178 audierat,

107 4216 119 4240 u
135 4197 338 4271 adimpleretur
352 4200 429 4272 quod
446 4199 556 4254 dictum
573 4202 618 4254 est
633 4197 868 4272 perprophetem
880 4197 922 4254 di·
975 4195 1184 4252 accusantibus
1207 4196 1394 4265 adversariis,
1413 4201 1534 4254 vocatus
1559 4198 1596 4254 ab
1618 4197 1804 4269 imperatore.
1908 4207 1918 4214 ·

109 4303 120 4329 a
132 4289 236 4343 cenum
252 4303 260 4343 :
276 4288 318 4344 Ex
332 4289 452 4362 AEgypto
467 4289 565 4345 vocavi
581 4287 675 4343 lilium
692 4304 801 4344 meum.
816 4311 830 4338 »
846 4288 920 4343 Con·
975 4284 1099 4340 Romam
1113 4284 1192 4340 venit
1204 4301 1210 4339 :
1223 4286 1327 4340 etcum
1337 4285 1539 4342 venissctante
1550 4285 1692 4340 Cesaram
1704 4287 1732 4339 et
1742 4282 1806 4339 uni·

108 4375 217 4431 suetudo
232 4381 277 4434 est
291 4376 361 4432 huic
376 4376 714 4450 evangelistae,vidclicel
729 4376 877 4448 Malthace,
889 4379 922 4432 ut
973 4389 1091 4430 versum
1103 4377 1250 4444 senatum,
1260 4375 1293 4428 ut
1304 4377 1366 4430 erat
1376 4372 1502 4429 callidus
1518 4373 1617 4428 enimc
1632 4374 1661 4429 et
1676 4371 1806 4445 prudens

107 4458 259 4533 frequenter
268 4483 354 4522 suam
365 4465 564 4523 narrationem
574 4465 701 4521 oraculis
711 4464 920 4538 prophetarum
974 4461 1100 4534 eloquio,
1110 4461 1314 4534 potentissime
1328 4465 1357 4518 et
1367 4460 1574 4518 honestissime
1585 4459 1720 4535 pergerit
1731 4476 1807 4533 qure-

107 4551 255 4620 r-onfirmet.
285 4551 360 4622 Quia
384 4554 463 4611 enirn
491 4554 617 4611 llabroeis
641 4554 760 4611 tlcbreo
786 4569 921 4610 sermone
974 4567 1090 4623 cunque
1107 4549 1163 4607 sibi
1180 4550 1296 4607 luerent
1311 4550 1435 4624 objecta.
1452 4550 1584 4623 Cumque
1600 4549 1685 4607 aliter
1698 4549 1734 4606 uh
1751 4548 1806 4605 ini·

106 4651 184 4696 suurn
197 4642 379 4716 evangelium
403 4643 517 4719 primus
539 4642 666 4715 scripsit,
684 4642 852 4716 ubicunque
866 4642 920 4698 loci
935 4660 958 4726 D
975 4639 1060 4694 micis
1075 4641 1238 4711 putaretur,
1256 4639 1360 4714 majori
1385 4637 1478 4713 gloria
1502 4640 1539 4695 ab
1563 4639 1737 4713 imperatore
1762 4641 1808 4694 est

104 4732 295 4799 opportunitas
310 4749 341 4789 se
358 4732 447 4801 dedit,
460 4749 544 4790 suam
561 4731 757 4788 narrationem
770 4749 804 4787 ex
818 4749 920 4788 eorum
975 4725 1167 4794 exaltatus,in
1176 4731 1292 4785 tantum
1305 4734 1336 4784 ut
1347 4729 1372 4786 ei
1384 4727 1497 4802 regium
1509 4728 1645 4786 diadema
1653 4727 1807 4795 tribueret,

104 4809 177 4874 libris
191 4821 364 4878 confirmare
379 4821 503 4892 studuit,
513 4820 591 4876 unde
605 4837 673 4876 cum
688 4819 811 4876 dixisset
826 4821 921 4876 Domi·
975 4821 1004 4874 et
1018 4818 1159 4891 regnandi
1183 4821 1357 4891 potestatem
1386 4819 1416 4874 in
1431 4817 1536 4874 Judaee
1551 4815 1739 4873 confirmaret
1755 4832 1762 4874 ε
1779 4819 1809 4872 et

103 4917 166 4962 num
189 4914 325 4966 monente
350 4909 452 4983 angelo
480 4925 497 4966 a
521 4908 692 4983 parentibus
718 4908 748 4963 in
765 4909 921 4982 AEgyptum
976 4909 1126 4979 cumpost
1148 4907 1223 4963 duos
1240 4923 1333 4963 annos
1352 4907 1382 4962 in
1399 4904 1809 4980 magnegloriainludoeem

103 4987 184 5052 inissa
198 4996 394 5070 deportatum,
411 4998 519 5070 adjecit
534 4998 675 5054 continuo
691 4997 843 5053 oraculum
859 5015 923 5070 pro·
976 4999 1055 5052 esset
1080 5012 1224 5062 reversus,
1241 4997 1408 5069 recogitans
1433 4997 1512 5069 quod
1537 4994 1670 5052 audieret
1684 5010 1701 5051 a
1716 4994 1810 5068 magis

102 5079 254 5153 ehericum,
284 5086 386 5144 dicens
409 5103 416 5142 :
443 5109 456 5137 «
483 5087 523 5144 llx
553 5087 674 5162 AEgypto
702 5086 801 5142 vocavi
827 5085 921 5142 tilium
977 5089 1079 5140 netum
1103 5101 1168 5141 esse
1190 5100 1287 5158 regem
1312 5085 1509 5142 iudeorum:
1529 5083 1681 5142 «Mittens
1704 5084 1811 5140 cecidit

65 5177 72 5188 ·
104 5182 227 5230 meum.»
237 5175 296 5232 Hoc
310 5177 515 5233 testimonium
528 5176 557 5232 in
570 5176 648 5232 Osee
664 5173 924 5248 prophetalegitur
977 5189 1080 5229 omues
1095 5189 1201 5246 pueros
1216 5172 1267 5244 qui
1283 5178 1366 5229 erent
1381 5175 1410 5229 in
1427 5173 1611 5244 Bethlehem,
1628 5178 1656 5230 et
1669 5173 1700 5229 in
1715 5174 1810 5231 omni·

101 5254 366 5323 laressemensi
381 5263 545 5330 veritatem,
563 5263 613 5319 sed
637 5264 714 5319 inter
728 5263 922 5336 Septuaginta
977 5261 1150 5318 busfinibus
1158 5261 1379 5333 ejusebimetu
1392 5266 1421 5319 et
1432 5263 1686 5331 iulra‚secundum
1694 5267 1812 5337 tempus

105 5341 267 5422 interpretes
283 5369 343 5409 non
358 5353 493 5408 habetur.
504 5351 578 5416 Quia
592 5352 681 5417 enirn,
695 5351 924 5424 Ptolemaeorega
981 5351 1059 5424 quod
1076 5349 1253 5422 exquisierat
1266 5369 1284 5407 e
1299 5353 1405 5426 magis,
1424 5376 1435 5405 ι
1450 5353 1612 5424 aestimans,
1624 5355 1657 5408 ut
1671 5353 1809 5424 diximus,

100 5430 586 5516 lubente,ScripturesinGrzacnm
597 5442 748 5498 vertebant
763 5439 922 5514 eloquium,
981 5440 1071 5514 qnod,
1088 5439 1225 5496 omnibus
1250 5439 1365 5512 occisis,
1388 5458 1467 5499 unus
1487 5443 1612 5516 elingere
1628 5459 1687 5499 nen
1701 5447 1810 5515 posset.

102 5517 190 5582 Judei
205 5530 341 5602 prudenti
356 5530 479 5588 consilio
495 5529 598 5586 dicunt
615 5530 734 5600 taetram,
752 5534 784 5585 ut
800 5530 925 5586 ubicun-
983 5529 1064 5597 Quod
1080 5531 1176 5583 eutem
1202 5533 1271 5586 neto
1287 5531 1411 5588 Domino
1427 5533 1589 5604 persecutio
1604 5532 1700 5604 acepit,
1716 5532 1811 5607 signi-

101 5623 155 5681 que
170 5620 323 5678 manifeste
339 5621 375 5677 de
399 5618 459 5674 lllio
484 5618 594 5675 mantio
608 5619 699 5689 tieret,
717 5623 767 5674 eut
782 5618 866 5674 aliter
880 5617 926 5675 in·
982 5616 1087 5673 ficetur
1101 5632 1153 5689 par
1168 5633 1254 5676 omne
1266 5623 1384 5694 tempus
1395 5620 1460 5678 vite
1471 5621 1699 5693 presentis,non
1709 5620 1811 5676 deesse
1902 5655 1906 5662 ,

99 5700 337 5780 benecantur,
347 5713 398 5766 aet
412 5708 531 5768 omnino
546 5707 854 5784 pretermittereut,ne
865 5707 928 5768 Pto·
980 5704 1283 5783 luteres,quieleetcs
1293 5708 1573 5787 Deipersequantur,
1583 5708 1659 5768 sicut
1670 5704 1811 5775 Dominus
