<?xml version="1.0" encoding="UTF-8"?>
<!DOCTYPE html PUBLIC "-//W3C//DTD XHTML 1.0 Transitional//EN"
    "http://www.w3.org/TR/xhtml1/DTD/xhtml1-transitional.dtd">
<html xmlns="http://www.w3.org/1999/xhtml" xml:lang="en" lang="en">
 <head>
  <title>
</title>
<meta http-equiv="Content-Type" content="text/html;charset=utf-8" />
  <meta name='ocr-system' content='tesseract 3.04.00' />
  <meta name='ocr-capabilities' content='ocr_page ocr_carea ocr_par ocr_line ocrx_word'/>
</head>
<body>
  <div class='ocr_page' id='page_1' title='image "./patrologiaecurs109unkngoog_0061.png"; bbox 0 0 4018 6178; ppageno 0'>
   <div class='ocr_carea' id='block_1_1' title="bbox 194 353 1907 462">
    <p class='ocr_par' dir='ltr' id='par_1_1' title="bbox 194 353 1907 462">
     <span class='ocr_line' id='line_1_1' title="bbox 194 353 1907 462; baseline -0.004 -38"><span class='ocrx_word' id='word_1_1' title='bbox 194 363 249 424; x_wconf 89' lang='lat' dir='ltr'>lil</span> <span class='ocrx_word' id='word_1_2' title='bbox 476 357 683 462; x_wconf 61' lang='lat' dir='ltr'>Heluetiis</span> <span class='ocrx_word' id='word_1_3' title='bbox 706 357 977 420; x_wconf 76' lang='lat' dir='ltr'>hatenus&#39;tt&#39;t.</span> <span class='ocrx_word' id='word_1_4' title='bbox 999 355 1122 418; x_wconf 83' lang='lat' dir='ltr'>BPlSC.</span> <span class='ocrx_word' id='word_1_5' title='bbox 1145 353 1231 418; x_wconf 85' lang='lat' dir='ltr'><strong>OPP.</strong></span> <span class='ocrx_word' id='word_1_6' title='bbox 1254 355 1355 418; x_wconf 78' lang='lat' dir='ltr'>etas</span> <span class='ocrx_word' id='word_1_7' title='bbox 1378 356 1417 418; x_wconf 87' lang='lat' dir='ltr'>ll.</span> <span class='ocrx_word' id='word_1_8' title='bbox 1433 388 1469 400; x_wconf 87' lang='lat'>-</span> <span class='ocrx_word' id='word_1_9' title='bbox 1487 353 1622 418; x_wconf 79' lang='lat' dir='ltr'>floulu.</span> <span class='ocrx_word' id='word_1_10' title='bbox 1848 359 1907 418; x_wconf 78' lang='lat' dir='ltr'>tre</span> 
     </span>
    </p>
   </div>
   <div class='ocr_carea' id='block_1_2' title="bbox 163 487 1912 2708">
    <p class='ocr_par' dir='ltr' id='par_1_2' title="bbox 163 487 1912 2708">
     <span class='ocr_line' id='line_1_2' title="bbox 193 487 1909 568; baseline -0.003 -16"><span class='ocrx_word' id='word_1_11' title='bbox 193 493 271 568; x_wconf 82' lang='lat' dir='ltr'>magi</span> <span class='ocrx_word' id='word_1_12' title='bbox 283 493 411 566; x_wconf 83' lang='lat' dir='ltr'>luerunt,</span> <span class='ocrx_word' id='word_1_13' title='bbox 424 491 468 549; x_wconf 89' lang='lat' dir='ltr'>vel</span> <span class='ocrx_word' id='word_1_14' title='bbox 483 508 517 548; x_wconf 83' lang='lat' dir='ltr'>ex</span> <span class='ocrx_word' id='word_1_15' title='bbox 531 509 590 567; x_wconf 88' lang='lat' dir='ltr'>qua</span> <span class='ocrx_word' id='word_1_16' title='bbox 600 495 685 566; x_wconf 90' lang='lat' dir='ltr'>gente</span> <span class='ocrx_word' id='word_1_17' title='bbox 695 496 846 563; x_wconf 82' lang='lat' dir='ltr'>venerunt,</span> <span class='ocrx_word' id='word_1_18' title='bbox 856 490 906 566; x_wconf 93' lang='lat' dir='ltr'>qui</span> <span class='ocrx_word' id='word_1_19' title='bbox 917 493 1019 548; x_wconf 89' lang='lat' dir='ltr'>natum</span> <span class='ocrx_word' id='word_1_20' title='bbox 1033 489 1061 558; x_wconf 71' lang='lat' dir='ltr'>A</span> <span class='ocrx_word' id='word_1_21' title='bbox 1076 490 1153 563; x_wconf 93' lang='lat' dir='ltr'>quod</span> <span class='ocrx_word' id='word_1_22' title='bbox 1165 489 1315 548; x_wconf 82' lang='lat' dir='ltr'>totisrotis</span> <span class='ocrx_word' id='word_1_23' title='bbox 1325 489 1541 558; x_wconf 88' lang='lat' dir='ltr'>desiderabant,</span> <span class='ocrx_word' id='word_1_24' title='bbox 1557 506 1616 564; x_wconf 82' lang='lat' dir='ltr'>pre</span> <span class='ocrx_word' id='word_1_25' title='bbox 1628 489 1720 548; x_wconf 87' lang='lat' dir='ltr'>nimis</span> <span class='ocrx_word' id='word_1_26' title='bbox 1731 487 1831 548; x_wconf 77' lang='lat' dir='ltr'>laetitia</span> <span class='ocrx_word' id='word_1_27' title='bbox 1845 494 1909 547; x_wconf 69' lang='lat' dir='ltr'>tur</span> 
     </span>
     <span class='ocr_line' id='line_1_3' title="bbox 192 577 1909 658; baseline -0.002 -18"><span class='ocrx_word' id='word_1_28' title='bbox 192 599 320 658; x_wconf 89' lang='lat' dir='ltr'>puerum</span> <span class='ocrx_word' id='word_1_29' title='bbox 330 587 391 640; x_wconf 88' lang='lat' dir='ltr'>tam</span> <span class='ocrx_word' id='word_1_30' title='bbox 399 581 522 640; x_wconf 90' lang='lat' dir='ltr'>sollicite</span> <span class='ocrx_word' id='word_1_31' title='bbox 532 582 568 639; x_wconf 87' lang='lat' dir='ltr'>cd</span> <span class='ocrx_word' id='word_1_32' title='bbox 579 581 956 656; x_wconf 79' lang='lat' dir='ltr'>adorandumquesierunt.</span> <span class='ocrx_word' id='word_1_33' title='bbox 968 579 1021 638; x_wconf 87' lang='lat' dir='ltr'>Cui</span> <span class='ocrx_word' id='word_1_34' title='bbox 1076 579 1232 638; x_wconf 88' lang='lat' dir='ltr'>hahentur.</span> <span class='ocrx_word' id='word_1_35' title='bbox 1247 579 1329 646; x_wconf 84' lang='lat' dir='ltr'>Quod</span> <span class='ocrx_word' id='word_1_36' title='bbox 1344 577 1423 636; x_wconf 90' lang='lat' dir='ltr'>enim</span> <span class='ocrx_word' id='word_1_37' title='bbox 1439 596 1497 652; x_wconf 82' lang='lat' dir='ltr'>pre</span> <span class='ocrx_word' id='word_1_38' title='bbox 1522 595 1629 654; x_wconf 84' lang='lat' dir='ltr'>magno</span> <span class='ocrx_word' id='word_1_39' title='bbox 1644 580 1751 653; x_wconf 69' lang='lat' dir='ltr'>gaudio</span> <span class='ocrx_word' id='word_1_40' title='bbox 1771 579 1909 638; x_wconf 85' lang='lat' dir='ltr'>humana</span> 
     </span>
     <span class='ocr_line' id='line_1_4' title="bbox 194 667 1908 745; baseline -0.002 -17"><span class='ocrx_word' id='word_1_41' title='bbox 194 689 247 730; x_wconf 89' lang='lat' dir='ltr'>nos</span> <span class='ocrx_word' id='word_1_42' title='bbox 263 671 444 730; x_wconf 88' lang='lat' dir='ltr'>diversorum</span> <span class='ocrx_word' id='word_1_43' title='bbox 460 671 612 745; x_wconf 83' lang='lat' dir='ltr'>opiniones</span> <span class='ocrx_word' id='word_1_44' title='bbox 625 673 661 730; x_wconf 90' lang='lat' dir='ltr'>dc</span> <span class='ocrx_word' id='word_1_45' title='bbox 676 672 722 728; x_wconf 83' lang='lat' dir='ltr'>his</span> <span class='ocrx_word' id='word_1_46' title='bbox 733 670 918 740; x_wconf 81' lang='lat' dir='ltr'>adhibemus,</span> <span class='ocrx_word' id='word_1_47' title='bbox 928 675 961 727; x_wconf 87' lang='lat' dir='ltr'>ut</span> <span class='ocrx_word' id='word_1_48' title='bbox 971 670 1021 726; x_wconf 92' lang='lat' dir='ltr'>eli·</span> <span class='ocrx_word' id='word_1_49' title='bbox 1076 685 1160 727; x_wconf 87' lang='lat' dir='ltr'>mens</span> <span class='ocrx_word' id='word_1_50' title='bbox 1170 667 1262 726; x_wconf 91' lang='lat' dir='ltr'>soleat</span> <span class='ocrx_word' id='word_1_51' title='bbox 1272 667 1451 737; x_wconf 86' lang='lat' dir='ltr'>conturbari,</span> <span class='ocrx_word' id='word_1_52' title='bbox 1460 667 1592 743; x_wconf 82' lang='lat' dir='ltr'>exemplo</span> <span class='ocrx_word' id='word_1_53' title='bbox 1602 669 1677 726; x_wconf 90' lang='lat' dir='ltr'>Petri</span> <span class='ocrx_word' id='word_1_54' title='bbox 1687 668 1841 740; x_wconf 77' lang='lat' dir='ltr'>discimus,</span> <span class='ocrx_word' id='word_1_55' title='bbox 1854 669 1908 743; x_wconf 83' lang='lat' dir='ltr'>qui</span> 
     </span>
     <span class='ocr_line' id='line_1_5' title="bbox 193 757 1908 836; baseline -0.001 -18"><span class='ocrx_word' id='word_1_56' title='bbox 193 766 244 836; x_wconf 89' lang='lat' dir='ltr'>gat</span> <span class='ocrx_word' id='word_1_57' title='bbox 259 762 336 836; x_wconf 93' lang='lat' dir='ltr'>quod</span> <span class='ocrx_word' id='word_1_58' title='bbox 352 760 501 819; x_wconf 79' lang='lat' dir='ltr'>salubrius</span> <span class='ocrx_word' id='word_1_59' title='bbox 512 760 696 834; x_wconf 81' lang='lat' dir='ltr'>judicaverit.</span> <span class='ocrx_word' id='word_1_60' title='bbox 709 760 847 818; x_wconf 86' lang='lat' dir='ltr'>Nonnulli</span> <span class='ocrx_word' id='word_1_61' title='bbox 857 761 935 816; x_wconf 84' lang='lat' dir='ltr'>eninr</span> <span class='ocrx_word' id='word_1_62' title='bbox 946 759 1022 816; x_wconf 86' lang='lat' dir='ltr'>dixe·</span> <span class='ocrx_word' id='word_1_63' title='bbox 1076 774 1144 816; x_wconf 89' lang='lat' dir='ltr'>cum</span> <span class='ocrx_word' id='word_1_64' title='bbox 1159 759 1280 816; x_wconf 87' lang='lat' dir='ltr'>vidisset</span> <span class='ocrx_word' id='word_1_65' title='bbox 1295 759 1452 816; x_wconf 88' lang='lat' dir='ltr'>Dominum</span> <span class='ocrx_word' id='word_1_66' title='bbox 1464 757 1494 816; x_wconf 90' lang='lat' dir='ltr'>in</span> <span class='ocrx_word' id='word_1_67' title='bbox 1506 763 1605 816; x_wconf 87' lang='lat' dir='ltr'>monte</span> <span class='ocrx_word' id='word_1_68' title='bbox 1615 757 1820 827; x_wconf 80' lang='lat' dir='ltr'>clarificatum,</span> <span class='ocrx_word' id='word_1_69' title='bbox 1836 775 1908 816; x_wconf 81' lang='lat' dir='ltr'>cou-</span> 
     </span>
     <span class='ocr_line' id='line_1_6' title="bbox 194 846 1654 921; baseline -0.003 -13"><span class='ocrx_word' id='word_1_70' title='bbox 194 854 265 908; x_wconf 87' lang='lat' dir='ltr'>runt</span> <span class='ocrx_word' id='word_1_71' title='bbox 279 867 329 909; x_wconf 86' lang='lat' dir='ltr'>eos</span> <span class='ocrx_word' id='word_1_72' title='bbox 344 867 379 908; x_wconf 85' lang='lat' dir='ltr'>ex</span> <span class='ocrx_word' id='word_1_73' title='bbox 402 850 514 908; x_wconf 84' lang='lat' dir='ltr'>Tharsa</span> <span class='ocrx_word' id='word_1_74' title='bbox 528 849 571 906; x_wconf 85' lang='lat' dir='ltr'>rel</span> <span class='ocrx_word' id='word_1_75' title='bbox 586 849 691 906; x_wconf 78' lang='lat' dir='ltr'>Arabia</span> <span class='ocrx_word' id='word_1_76' title='bbox 706 849 870 918; x_wconf 86' lang='lat' dir='ltr'>advenisse,</span> <span class='ocrx_word' id='word_1_77' title='bbox 886 853 914 905; x_wconf 89' lang='lat' dir='ltr'>et</span> <span class='ocrx_word' id='word_1_78' title='bbox 929 848 959 903; x_wconf 95' lang='lat' dir='ltr'>in</span> <span class='ocrx_word' id='word_1_79' title='bbox 975 846 1022 904; x_wconf 90' lang='lat' dir='ltr'>his</span> <span class='ocrx_word' id='word_1_80' title='bbox 1076 849 1213 908; x_wconf 86' lang='lat' dir='ltr'>turbatus</span> <span class='ocrx_word' id='word_1_81' title='bbox 1228 853 1284 914; x_wconf 90' lang='lat' dir='ltr'>est,</span> <span class='ocrx_word' id='word_1_82' title='bbox 1301 847 1434 905; x_wconf 90' lang='lat' dir='ltr'>nesciens</span> <span class='ocrx_word' id='word_1_83' title='bbox 1448 847 1519 921; x_wconf 92' lang='lat' dir='ltr'>quid</span> <span class='ocrx_word' id='word_1_84' title='bbox 1535 847 1654 906; x_wconf 86' lang='lat' dir='ltr'>diceret.</span> 
     </span>
     <span class='ocr_line' id='line_1_7' title="bbox 195 936 1910 1014; baseline 0.001 -19"><span class='ocrx_word' id='word_1_85' title='bbox 195 939 347 1014; x_wconf 87' lang='lat' dir='ltr'>impletam</span> <span class='ocrx_word' id='word_1_86' title='bbox 363 939 466 998; x_wconf 89' lang='lat' dir='ltr'>voluat</span> <span class='ocrx_word' id='word_1_87' title='bbox 479 957 544 998; x_wconf 85' lang='lat' dir='ltr'>esse</span> <span class='ocrx_word' id='word_1_88' title='bbox 558 938 740 1014; x_wconf 78' lang='lat' dir='ltr'>prophetiam</span> <span class='ocrx_word' id='word_1_89' title='bbox 751 939 787 997; x_wconf 84' lang='lat' dir='ltr'>ad</span> <span class='ocrx_word' id='word_1_90' title='bbox 804 939 942 1008; x_wconf 90' lang='lat' dir='ltr'>litteram,</span> <span class='ocrx_word' id='word_1_91' title='bbox 959 955 1022 1010; x_wconf 77' lang='lat' dir='ltr'>que</span> <span class='ocrx_word' id='word_1_92' title='bbox 1113 961 1127 990; x_wconf 86' lang='grc' dir='ltr'>ιι</span> <span class='ocrx_word' id='word_1_93' title='bbox 1144 937 1179 993; x_wconf 82' lang='lat' dir='ltr'>Bt</span> <span class='ocrx_word' id='word_1_94' title='bbox 1191 953 1355 994; x_wconf 80' lang='lat' dir='ltr'>convocans</span> <span class='ocrx_word' id='word_1_95' title='bbox 1378 953 1481 994; x_wconf 89' lang='lat' dir='ltr'>omnes</span> <span class='ocrx_word' id='word_1_96' title='bbox 1505 936 1653 1010; x_wconf 88' lang='lat' dir='ltr'>principes</span> <span class='ocrx_word' id='word_1_97' title='bbox 1676 939 1864 1001; x_wconf 81' lang='lat' dir='ltr'>sacerdotum</span> <span class='ocrx_word' id='word_1_98' title='bbox 1880 943 1910 996; x_wconf 87' lang='lat' dir='ltr'>et</span> 
     </span>
     <span class='ocr_line' id='line_1_8' title="bbox 195 1024 1908 1104; baseline 0.001 -18"><span class='ocrx_word' id='word_1_99' title='bbox 195 1029 284 1086; x_wconf 90' lang='lat' dir='ltr'>dicit:</span> <span class='ocrx_word' id='word_1_100' title='bbox 300 1053 315 1081; x_wconf 78' lang='lat' dir='ltr'>u</span> <span class='ocrx_word' id='word_1_101' title='bbox 331 1030 424 1104; x_wconf 80' lang='lat' dir='ltr'>Reges</span> <span class='ocrx_word' id='word_1_102' title='bbox 440 1029 560 1086; x_wconf 86' lang='lat' dir='ltr'>Tharais</span> <span class='ocrx_word' id='word_1_103' title='bbox 575 1033 604 1085; x_wconf 88' lang='lat' dir='ltr'>et</span> <span class='ocrx_word' id='word_1_104' title='bbox 626 1027 729 1086; x_wconf 79' lang='lat' dir='ltr'>insula</span> <span class='ocrx_word' id='word_1_105' title='bbox 745 1044 867 1088; x_wconf 91' lang='lat' dir='ltr'>munera</span> <span class='ocrx_word' id='word_1_106' title='bbox 891 1027 1021 1096; x_wconf 82' lang='lat' dir='ltr'>offerent,</span> <span class='ocrx_word' id='word_1_107' title='bbox 1078 1049 1092 1078; x_wconf 84' lang='grc' dir='ltr'>ιι</span> <span class='ocrx_word' id='word_1_108' title='bbox 1109 1027 1223 1084; x_wconf 88' lang='lat' dir='ltr'>scribas</span> <span class='ocrx_word' id='word_1_109' title='bbox 1237 1024 1349 1100; x_wconf 92' lang='lat' dir='ltr'>populi,</span> <span class='ocrx_word' id='word_1_110' title='bbox 1364 1025 1570 1084; x_wconf 73' lang='lat' dir='ltr'>sciscitabatur</span> <span class='ocrx_word' id='word_1_111' title='bbox 1593 1027 1630 1084; x_wconf 87' lang='lat' dir='ltr'>ab</span> <span class='ocrx_word' id='word_1_112' title='bbox 1646 1027 1688 1084; x_wconf 89' lang='lat' dir='ltr'>eie</span> <span class='ocrx_word' id='word_1_113' title='bbox 1703 1026 1756 1086; x_wconf 92' lang='lat' dir='ltr'>uhi</span> <span class='ocrx_word' id='word_1_114' title='bbox 1769 1027 1908 1087; x_wconf 82' lang='lat' dir='ltr'>Christus</span> 
     </span>
     <span class='ocr_line' id='line_1_9' title="bbox 195 1115 1909 1193; baseline -0.001 -17"><span class='ocrx_word' id='word_1_115' title='bbox 195 1136 278 1193; x_wconf 88' lang='lat' dir='ltr'>reges</span> <span class='ocrx_word' id='word_1_116' title='bbox 291 1119 421 1180; x_wconf 84' lang='lat' dir='ltr'>Arabum</span> <span class='ocrx_word' id='word_1_117' title='bbox 434 1121 462 1174; x_wconf 90' lang='lat' dir='ltr'>et</span> <span class='ocrx_word' id='word_1_118' title='bbox 477 1117 553 1174; x_wconf 87' lang='lat' dir='ltr'>Saba</span> <span class='ocrx_word' id='word_1_119' title='bbox 563 1118 814 1188; x_wconf 79' lang='lat' dir='ltr'>dcaaedducent3</span> <span class='ocrx_word' id='word_1_120' title='bbox 829 1141 843 1170; x_wconf 74' lang='grc' dir='ltr'>ιι</span> <span class='ocrx_word' id='word_1_121' title='bbox 855 1121 884 1176; x_wconf 91' lang='lat' dir='ltr'>et</span> <span class='ocrx_word' id='word_1_122' title='bbox 899 1118 1020 1176; x_wconf 87' lang='lat' dir='ltr'>iterum:</span> <span class='ocrx_word' id='word_1_123' title='bbox 1078 1139 1092 1168; x_wconf 93' lang='lat'>«</span> <span class='ocrx_word' id='word_1_124' title='bbox 1109 1121 1286 1173; x_wconf 88' lang='lat' dir='ltr'>nasceretur.</span> <span class='ocrx_word' id='word_1_125' title='bbox 1298 1139 1313 1170; x_wconf 79' lang='lat' dir='ltr'>a</span> <span class='ocrx_word' id='word_1_126' title='bbox 1331 1115 1362 1173; x_wconf 89' lang='lat' dir='ltr'>ln</span> <span class='ocrx_word' id='word_1_127' title='bbox 1389 1132 1422 1174; x_wconf 89' lang='lat' dir='ltr'>eo</span> <span class='ocrx_word' id='word_1_128' title='bbox 1448 1120 1547 1174; x_wconf 87' lang='lat' dir='ltr'>autem</span> <span class='ocrx_word' id='word_1_129' title='bbox 1575 1117 1653 1190; x_wconf 91' lang='lat' dir='ltr'>quod</span> <span class='ocrx_word' id='word_1_130' title='bbox 1683 1117 1824 1187; x_wconf 72' lang='lat' dir='ltr'>Heraclea,</span> <span class='ocrx_word' id='word_1_131' title='bbox 1840 1119 1909 1175; x_wconf 75' lang='lat' dir='ltr'>nora¹</span> 
     </span>
     <span class='ocr_line' id='line_1_10' title="bbox 196 1203 1907 1280; baseline 0 -16"><span class='ocrx_word' id='word_1_132' title='bbox 196 1230 210 1259; x_wconf 83' lang='grc' dir='ltr'>ιι</span> <span class='ocrx_word' id='word_1_133' title='bbox 227 1207 334 1264; x_wconf 88' lang='lat' dir='ltr'>Omnes</span> <span class='ocrx_word' id='word_1_134' title='bbox 350 1207 385 1264; x_wconf 92' lang='lat' dir='ltr'>de</span> <span class='ocrx_word' id='word_1_135' title='bbox 396 1207 473 1264; x_wconf 87' lang='lat' dir='ltr'>Saba</span> <span class='ocrx_word' id='word_1_136' title='bbox 483 1207 715 1272; x_wconf 77' lang='lat' dir='ltr'>venientaurum</span> <span class='ocrx_word' id='word_1_137' title='bbox 728 1213 757 1264; x_wconf 91' lang='lat' dir='ltr'>ct</span> <span class='ocrx_word' id='word_1_138' title='bbox 768 1207 837 1264; x_wconf 90' lang='lat' dir='ltr'>thus</span> <span class='ocrx_word' id='word_1_139' title='bbox 848 1207 1022 1274; x_wconf 77' lang='lat' dir='ltr'>doleremus,</span> <span class='ocrx_word' id='word_1_140' title='bbox 1078 1203 1155 1280; x_wconf 90' lang='lat' dir='ltr'>regis</span> <span class='ocrx_word' id='word_1_141' title='bbox 1170 1204 1319 1262; x_wconf 84' lang='lat' dir='ltr'>nativitate</span> <span class='ocrx_word' id='word_1_142' title='bbox 1335 1205 1446 1274; x_wconf 88' lang='lat' dir='ltr'>audita,</span> <span class='ocrx_word' id='word_1_143' title='bbox 1462 1206 1628 1264; x_wconf 84' lang='lat' dir='ltr'>sacerdotes</span> <span class='ocrx_word' id='word_1_144' title='bbox 1642 1210 1672 1264; x_wconf 89' lang='lat' dir='ltr'>et</span> <span class='ocrx_word' id='word_1_145' title='bbox 1685 1207 1907 1280; x_wconf 83' lang='lat' dir='ltr'>Scripturarum</span> 
     </span>
     <span class='ocr_line' id='line_1_11' title="bbox 195 1292 1909 1370; baseline 0.001 -18"><span class='ocrx_word' id='word_1_146' title='bbox 195 1301 224 1353; x_wconf 89' lang='lat' dir='ltr'>et</span> <span class='ocrx_word' id='word_1_147' title='bbox 238 1296 354 1352; x_wconf 86' lang='lat' dir='ltr'>laudern</span> <span class='ocrx_word' id='word_1_148' title='bbox 371 1296 493 1352; x_wconf 90' lang='lat' dir='ltr'>Bomino</span> <span class='ocrx_word' id='word_1_149' title='bbox 508 1298 753 1354; x_wconf 86' lang='lat' dir='ltr'>annuntiantes.»</span> <span class='ocrx_word' id='word_1_150' title='bbox 768 1296 823 1352; x_wconf 83' lang='lat' dir='ltr'>Alii</span> <span class='ocrx_word' id='word_1_151' title='bbox 839 1296 975 1354; x_wconf 83' lang='lat' dir='ltr'>dixerunt</span> <span class='ocrx_word' id='word_1_152' title='bbox 989 1311 1023 1352; x_wconf 84' lang='lat' dir='ltr'>ex</span> <span class='ocrx_word' id='word_1_153' title='bbox 1078 1295 1235 1370; x_wconf 87' lang='lat' dir='ltr'>magistros</span> <span class='ocrx_word' id='word_1_154' title='bbox 1250 1292 1447 1368; x_wconf 85' lang='lat' dir='ltr'>interrogavit,</span> <span class='ocrx_word' id='word_1_155' title='bbox 1463 1293 1606 1352; x_wconf 81' lang='lat' dir='ltr'>imitabile</span> <span class='ocrx_word' id='word_1_156' title='bbox 1630 1295 1716 1354; x_wconf 86' lang='lat' dir='ltr'>nohis</span> <span class='ocrx_word' id='word_1_157' title='bbox 1739 1297 1909 1370; x_wconf 81' lang='lat' dir='ltr'>exemplum</span> 
     </span>
     <span class='ocr_line' id='line_1_12' title="bbox 195 1383 1908 1460; baseline 0.001 -19"><span class='ocrx_word' id='word_1_158' title='bbox 195 1387 347 1444; x_wconf 84' lang='lat' dir='ltr'>Persarum</span> <span class='ocrx_word' id='word_1_159' title='bbox 364 1387 481 1460; x_wconf 89' lang='lat' dir='ltr'>regione</span> <span class='ocrx_word' id='word_1_160' title='bbox 497 1403 546 1442; x_wconf 89' lang='lat' dir='ltr'>eos</span> <span class='ocrx_word' id='word_1_161' title='bbox 561 1386 685 1454; x_wconf 77' lang='lat' dir='ltr'>venisse,</span> <span class='ocrx_word' id='word_1_162' title='bbox 703 1385 778 1442; x_wconf 89' lang='lat' dir='ltr'>sicut</span> <span class='ocrx_word' id='word_1_163' title='bbox 789 1385 909 1458; x_wconf 92' lang='lat' dir='ltr'>quidam</span> <span class='ocrx_word' id='word_1_164' title='bbox 925 1385 960 1441; x_wconf 88' lang='lat' dir='ltr'>de</span> <span class='ocrx_word' id='word_1_165' title='bbox 976 1402 1023 1442; x_wconf 89' lang='lat' dir='ltr'>sa·</span> <span class='ocrx_word' id='word_1_166' title='bbox 1077 1383 1206 1456; x_wconf 90' lang='lat' dir='ltr'>reliquit,</span> <span class='ocrx_word' id='word_1_167' title='bbox 1217 1384 1373 1456; x_wconf 86' lang='lat' dir='ltr'>utquoties</span> <span class='ocrx_word' id='word_1_168' title='bbox 1383 1383 1494 1457; x_wconf 91' lang='lat' dir='ltr'>aliquid</span> <span class='ocrx_word' id='word_1_169' title='bbox 1505 1385 1651 1440; x_wconf 87' lang='lat' dir='ltr'>novumin</span> <span class='ocrx_word' id='word_1_170' title='bbox 1663 1385 1793 1442; x_wconf 76' lang='lat' dir='ltr'>Ecclesia</span> <span class='ocrx_word' id='word_1_171' title='bbox 1801 1388 1908 1452; x_wconf 90' lang='lat' dir='ltr'>oritur,</span> 
     </span>
     <span class='ocr_line' id='line_1_13' title="bbox 194 1473 1909 1551; baseline 0.002 -20"><span class='ocrx_word' id='word_1_172' title='bbox 194 1475 344 1551; x_wconf 89' lang='lat' dir='ltr'>pientihus</span> <span class='ocrx_word' id='word_1_173' title='bbox 359 1475 446 1532; x_wconf 88' lang='lat' dir='ltr'>dicit:</span> <span class='ocrx_word' id='word_1_174' title='bbox 1078 1489 1194 1545; x_wconf 88' lang='lat' dir='ltr'>semper</span> <span class='ocrx_word' id='word_1_175' title='bbox 1208 1473 1244 1532; x_wconf 88' lang='lat' dir='ltr'>ad</span> <span class='ocrx_word' id='word_1_176' title='bbox 1259 1473 1464 1530; x_wconf 87' lang='lat' dir='ltr'>auctoritatem</span> <span class='ocrx_word' id='word_1_177' title='bbox 1474 1473 1692 1547; x_wconf 80' lang='lat' dir='ltr'>Scripturarum</span> <span class='ocrx_word' id='word_1_178' title='bbox 1709 1491 1909 1548; x_wconf 73' lang='lat' dir='ltr'>recurramus,</span> 
     </span>
     <span class='ocr_line' id='line_1_14' title="bbox 240 1561 1911 1635; baseline 0.005 -21"><span class='ocrx_word' id='word_1_179' title='bbox 240 1566 315 1616; x_wconf 81' lang='lat' dir='ltr'>Tunc</span> <span class='ocrx_word' id='word_1_180' title='bbox 326 1564 403 1629; x_wconf 82' lang='lat' dir='ltr'>jubet</span> <span class='ocrx_word' id='word_1_181' title='bbox 420 1568 446 1614; x_wconf 85' lang='lat' dir='ltr'>et</span> <span class='ocrx_word' id='word_1_182' title='bbox 460 1565 554 1616; x_wconf 87' lang='lat' dir='ltr'>Persas</span> <span class='ocrx_word' id='word_1_183' title='bbox 569 1564 670 1614; x_wconf 87' lang='lat' dir='ltr'>celeres</span> <span class='ocrx_word' id='word_1_184' title='bbox 686 1565 844 1628; x_wconf 82' lang='lat' dir='ltr'>pertendere</span> <span class='ocrx_word' id='word_1_185' title='bbox 859 1577 975 1628; x_wconf 84' lang='lat' dir='ltr'>gressus.</span> <span class='ocrx_word' id='word_1_186' title='bbox 1078 1566 1197 1635; x_wconf 89' lang='lat' dir='ltr'>propter</span> <span class='ocrx_word' id='word_1_187' title='bbox 1210 1561 1282 1619; x_wconf 91' lang='lat' dir='ltr'>illud</span> <span class='ocrx_word' id='word_1_188' title='bbox 1298 1563 1376 1634; x_wconf 93' lang='lat' dir='ltr'>quod</span> <span class='ocrx_word' id='word_1_189' title='bbox 1391 1561 1534 1634; x_wconf 85' lang='lat' dir='ltr'>scriptum</span> <span class='ocrx_word' id='word_1_190' title='bbox 1550 1567 1609 1619; x_wconf 83' lang='lat' dir='ltr'>est:</span> <span class='ocrx_word' id='word_1_191' title='bbox 1625 1563 1911 1622; x_wconf 73' lang='lat' dir='ltr'>commaculassen-</span> 
     </span>
     <span class='ocr_line' id='line_1_15' title="bbox 196 1650 1911 1728; baseline 0.001 -18"><span class='ocrx_word' id='word_1_192' title='bbox 196 1653 330 1728; x_wconf 85' lang='lat' dir='ltr'>Plerique</span> <span class='ocrx_word' id='word_1_193' title='bbox 345 1658 443 1710; x_wconf 89' lang='lat' dir='ltr'>autem</span> <span class='ocrx_word' id='word_1_194' title='bbox 459 1653 590 1710; x_wconf 89' lang='lat' dir='ltr'>arbitrati</span> <span class='ocrx_word' id='word_1_195' title='bbox 606 1659 677 1710; x_wconf 91' lang='lat' dir='ltr'>sunt</span> <span class='ocrx_word' id='word_1_196' title='bbox 691 1671 741 1710; x_wconf 89' lang='lat' dir='ltr'>eos</span> <span class='ocrx_word' id='word_1_197' title='bbox 755 1653 906 1710; x_wconf 73' lang='lat' dir='ltr'>chaldeos</span> <span class='ocrx_word' id='word_1_198' title='bbox 922 1653 1021 1722; x_wconf 86' lang='lat' dir='ltr'>tuisse,</span> <span class='ocrx_word' id='word_1_199' title='bbox 1078 1650 1144 1707; x_wconf 88' lang='lat' dir='ltr'>silio</span> <span class='ocrx_word' id='word_1_200' title='bbox 1160 1650 1216 1722; x_wconf 83' lang='lat' dir='ltr'>lae,</span> <span class='ocrx_word' id='word_1_201' title='bbox 1228 1673 1242 1700; x_wconf 73' lang='lat' dir='ltr'>a</span> <span class='ocrx_word' id='word_1_202' title='bbox 1257 1653 1286 1706; x_wconf 90' lang='lat' dir='ltr'>et</span> <span class='ocrx_word' id='word_1_203' title='bbox 1300 1667 1335 1707; x_wconf 88' lang='lat' dir='ltr'>ea</span> <span class='ocrx_word' id='word_1_204' title='bbox 1349 1651 1582 1723; x_wconf 84' lang='lat' dir='ltr'>respondeamus</span> <span class='ocrx_word' id='word_1_205' title='bbox 1598 1669 1662 1724; x_wconf 84' lang='lat' dir='ltr'>ques</span> <span class='ocrx_word' id='word_1_206' title='bbox 1677 1657 1775 1726; x_wconf 85' lang='lat' dir='ltr'>patres</span> <span class='ocrx_word' id='word_1_207' title='bbox 1790 1659 1911 1710; x_wconf 84' lang='lat' dir='ltr'>nostros</span> 
     </span>
     <span class='ocr_line' id='line_1_16' title="bbox 195 1739 1912 1818; baseline 0 -18"><span class='ocrx_word' id='word_1_208' title='bbox 195 1743 265 1818; x_wconf 87' lang='lat' dir='ltr'>quie</span> <span class='ocrx_word' id='word_1_209' title='bbox 274 1743 400 1802; x_wconf 84' lang='lat' dir='ltr'>Chaldaei</span> <span class='ocrx_word' id='word_1_210' title='bbox 410 1740 511 1800; x_wconf 89' lang='lat' dir='ltr'>stellas</span> <span class='ocrx_word' id='word_1_211' title='bbox 520 1742 583 1800; x_wconf 82' lang='lat' dir='ltr'>cmii</span> <span class='ocrx_word' id='word_1_212' title='bbox 594 1743 664 1800; x_wconf 88' lang='lat' dir='ltr'>deos</span> <span class='ocrx_word' id='word_1_213' title='bbox 676 1759 740 1800; x_wconf 90' lang='lat' dir='ltr'>esse</span> <span class='ocrx_word' id='word_1_214' title='bbox 751 1747 937 1816; x_wconf 81' lang='lat' dir='ltr'>putaverunt,</span> <span class='ocrx_word' id='word_1_215' title='bbox 950 1747 978 1800; x_wconf 91' lang='lat' dir='ltr'>et</span> <span class='ocrx_word' id='word_1_216' title='bbox 993 1742 1022 1797; x_wconf 93' lang='lat' dir='ltr'>in</span> <span class='ocrx_word' id='word_1_217' title='bbox 1078 1741 1264 1813; x_wconf 85' lang='lat' dir='ltr'>respondisse</span> <span class='ocrx_word' id='word_1_218' title='bbox 1279 1739 1323 1798; x_wconf 88' lang='lat' dir='ltr'>vel</span> <span class='ocrx_word' id='word_1_219' title='bbox 1335 1739 1465 1798; x_wconf 87' lang='lat' dir='ltr'>tenuisse</span> <span class='ocrx_word' id='word_1_220' title='bbox 1479 1741 1713 1814; x_wconf 84' lang='lat' dir='ltr'>cognoverimus,</span> <span class='ocrx_word' id='word_1_221' title='bbox 1723 1743 1842 1815; x_wconf 79' lang='lat' dir='ltr'>etjuxte</span> <span class='ocrx_word' id='word_1_222' title='bbox 1858 1759 1912 1800; x_wconf 88' lang='lat' dir='ltr'>vo·</span> 
     </span>
     <span class='ocr_line' id='line_1_17' title="bbox 196 1829 1911 1904; baseline -0.001 -15"><span class='ocrx_word' id='word_1_223' title='bbox 196 1831 1024 1904; x_wconf 75' lang='lat' dir='ltr'>arteastmnomioaperiussimirueruntttiieurndixe-</span> <span class='ocrx_word' id='word_1_224' title='bbox 1079 1829 1911 1904; x_wconf 78' lang='lat' dir='ltr'>cemSalomonis:rNontransgrcdiamurtsrminossnti·</span> 
     </span>
     <span class='ocr_line' id='line_1_18' title="bbox 196 1919 1910 1995; baseline 0.002 -19"><span class='ocrx_word' id='word_1_225' title='bbox 196 1920 410 1992; x_wconf 81' lang='lat' dir='ltr'>runtexstirpc</span> <span class='ocrx_word' id='word_1_226' title='bbox 421 1919 752 1995; x_wconf 79' lang='lat' dir='ltr'>Balccmprcphetaeecs</span> <span class='ocrx_word' id='word_1_227' title='bbox 763 1920 960 1990; x_wconf 88' lang='lat' dir='ltr'>descendisse,</span> <span class='ocrx_word' id='word_1_228' title='bbox 973 1921 1022 1993; x_wconf 93' lang='lat' dir='ltr'>qui</span> <span class='ocrx_word' id='word_1_229' title='bbox 1078 1920 1910 1994; x_wconf 82' lang='lat' dir='ltr'>quoe,»quosposueruntpatresnostri,sedimpleamus</span> 
     </span>
     <span class='ocr_line' id='line_1_19' title="bbox 163 1999 1910 2085; baseline 0.001 -19"><span class='ocrx_word' id='word_1_230' title='bbox 163 1999 173 2008; x_wconf 78' lang='grc'><strong>’</strong></span> <span class='ocrx_word' id='word_1_231' title='bbox 196 2006 689 2080; x_wconf 83' lang='lat' dir='ltr'>moxutnovamstellamviderunt‚</span> <span class='ocrx_word' id='word_1_232' title='bbox 701 2009 1024 2085; x_wconf 89' lang='lat' dir='ltr'>regemnctumintelle·</span> <span class='ocrx_word' id='word_1_233' title='bbox 1078 2007 1151 2064; x_wconf 90' lang='lat' dir='ltr'>illud</span> <span class='ocrx_word' id='word_1_234' title='bbox 1161 2008 1240 2081; x_wconf 90' lang='lat' dir='ltr'>qnod</span> <span class='ocrx_word' id='word_1_235' title='bbox 1250 2025 1303 2081; x_wconf 90' lang='lat' dir='ltr'>per</span> <span class='ocrx_word' id='word_1_236' title='bbox 1311 2007 1468 2066; x_wconf 85' lang='lat' dir='ltr'>leremiam</span> <span class='ocrx_word' id='word_1_237' title='bbox 1479 2009 1783 2082; x_wconf 84' lang='lat' dir='ltr'>prophetamdicitur:</span> <span class='ocrx_word' id='word_1_238' title='bbox 1800 2010 1910 2068; x_wconf 87' lang='lat' dir='ltr'>«State</span> 
     </span>
     <span class='ocr_line' id='line_1_20' title="bbox 195 2097 1910 2174; baseline 0.002 -21"><span class='ocrx_word' id='word_1_239' title='bbox 195 2101 310 2168; x_wconf 86' lang='lat' dir='ltr'>xerunt,</span> <span class='ocrx_word' id='word_1_240' title='bbox 325 2101 354 2154; x_wconf 89' lang='lat' dir='ltr'>et</span> <span class='ocrx_word' id='word_1_241' title='bbox 369 2097 528 2157; x_wconf 87' lang='lat' dir='ltr'>recolentes</span> <span class='ocrx_word' id='word_1_242' title='bbox 550 2098 734 2173; x_wconf 88' lang='lat' dir='ltr'>prophetiam</span> <span class='ocrx_word' id='word_1_243' title='bbox 754 2099 884 2169; x_wconf 85' lang='lat' dir='ltr'>Balaam,</span> <span class='ocrx_word' id='word_1_244' title='bbox 900 2099 1024 2156; x_wconf 89' lang='lat' dir='ltr'>dicentis</span> <span class='ocrx_word' id='word_1_245' title='bbox 1078 2113 1168 2170; x_wconf 88' lang='lat' dir='ltr'>super</span> <span class='ocrx_word' id='word_1_246' title='bbox 1181 2097 1253 2168; x_wconf 82' lang='lat' dir='ltr'>vies,</span> <span class='ocrx_word' id='word_1_247' title='bbox 1270 2101 1299 2153; x_wconf 93' lang='lat' dir='ltr'>et</span> <span class='ocrx_word' id='word_1_248' title='bbox 1313 2098 1490 2170; x_wconf 84' lang='lat' dir='ltr'>interrugate</span> <span class='ocrx_word' id='word_1_249' title='bbox 1505 2097 1541 2154; x_wconf 91' lang='lat' dir='ltr'>de</span> <span class='ocrx_word' id='word_1_250' title='bbox 1556 2098 1670 2154; x_wconf 88' lang='lat' dir='ltr'>semitis</span> <span class='ocrx_word' id='word_1_251' title='bbox 1685 2098 1825 2171; x_wconf 86' lang='lat' dir='ltr'>antiquis,</span> <span class='ocrx_word' id='word_1_252' title='bbox 1842 2115 1910 2174; x_wconf 80' lang='lat' dir='ltr'>que</span> 
     </span>
     <span class='ocr_line' id='line_1_21' title="bbox 196 2181 1910 2262; baseline 0.001 -18"><span class='ocrx_word' id='word_1_253' title='bbox 196 2186 288 2257; x_wconf 82' lang='lat' dir='ltr'>(Nara.</span> <span class='ocrx_word' id='word_1_254' title='bbox 304 2187 400 2261; x_wconf 73' lang='lat' dir='ltr'>xxcvlz&#39;</span> <span class='ocrx_word' id='word_1_255' title='bbox 410 2211 424 2238; x_wconf 81' lang='grc' dir='ltr'>ιι</span> <span class='ocrx_word' id='word_1_256' title='bbox 442 2187 558 2244; x_wconf 89' lang='lat' dir='ltr'>Orietur</span> <span class='ocrx_word' id='word_1_257' title='bbox 580 2188 664 2246; x_wconf 87' lang='lat' dir='ltr'>stella</span> <span class='ocrx_word' id='word_1_258' title='bbox 678 2207 713 2246; x_wconf 81' lang='lat' dir='ltr'>ex</span> <span class='ocrx_word' id='word_1_259' title='bbox 726 2190 826 2256; x_wconf 86' lang='lat' dir='ltr'>Jacob,</span> <span class='ocrx_word' id='word_1_260' title='bbox 844 2195 874 2246; x_wconf 90' lang='lat' dir='ltr'>et</span> <span class='ocrx_word' id='word_1_261' title='bbox 889 2193 1024 2262; x_wconf 84' lang='lat' dir='ltr'>exsurget</span> <span class='ocrx_word' id='word_1_262' title='bbox 1078 2185 1116 2243; x_wconf 92' lang='lat' dir='ltr'>sit</span> <span class='ocrx_word' id='word_1_263' title='bbox 1131 2187 1206 2243; x_wconf 89' lang='lat' dir='ltr'>bonu</span> <span class='ocrx_word' id='word_1_264' title='bbox 1216 2185 1307 2254; x_wconf 90' lang='lat' dir='ltr'>via,et</span> <span class='ocrx_word' id='word_1_265' title='bbox 1322 2185 1471 2244; x_wconf 88' lang='lat' dir='ltr'>ambulate</span> <span class='ocrx_word' id='word_1_266' title='bbox 1481 2187 1512 2242; x_wconf 91' lang='lat' dir='ltr'>in</span> <span class='ocrx_word' id='word_1_267' title='bbox 1528 2203 1562 2244; x_wconf 89' lang='lat' dir='ltr'>ec</span> <span class='ocrx_word' id='word_1_268' title='bbox 1575 2189 1689 2257; x_wconf 75' lang='lat' dir='ltr'>(terem.</span> <span class='ocrx_word' id='word_1_269' title='bbox 1704 2189 1754 2260; x_wconf 84' lang='lat' dir='ltr'>vr).</span> <span class='ocrx_word' id='word_1_270' title='bbox 1768 2181 1783 2239; x_wconf 75' lang='lat' dir='ltr'>a</span> <span class='ocrx_word' id='word_1_271' title='bbox 1793 2189 1849 2246; x_wconf 82' lang='lat' dir='ltr'>Sed</span> <span class='ocrx_word' id='word_1_272' title='bbox 1861 2207 1910 2246; x_wconf 86' lang='lat' dir='ltr'>ss·</span> 
     </span>
     <span class='ocr_line' id='line_1_22' title="bbox 196 2265 1911 2352; baseline 0.003 -20"><span class='ocrx_word' id='word_1_273' title='bbox 196 2275 825 2352; x_wconf 85' lang='lat' dir='ltr'>homodelsrael,eldeminchiturgentium;</span> <span class='ocrx_word' id='word_1_274' title='bbox 837 2305 847 2332; x_wconf 81' lang='grc' dir='ltr'>ι</span> <span class='ocrx_word' id='word_1_275' title='bbox 859 2279 1023 2352; x_wconf 86' lang='lat' dir='ltr'>primirum</span> <span class='ocrx_word' id='word_1_276' title='bbox 1078 2277 1210 2332; x_wconf 88' lang='lat' dir='ltr'>cerdotes</span> <span class='ocrx_word' id='word_1_277' title='bbox 1222 2280 1252 2332; x_wconf 92' lang='lat' dir='ltr'>et</span> <span class='ocrx_word' id='word_1_278' title='bbox 1265 2275 1368 2332; x_wconf 82' lang='lat' dir='ltr'>scribe</span> <span class='ocrx_word' id='word_1_279' title='bbox 1384 2275 1518 2348; x_wconf 85' lang='lat' dir='ltr'>requisiti</span> <span class='ocrx_word' id='word_1_280' title='bbox 1532 2265 1568 2333; x_wconf 74' lang='lat' dir='ltr'>s&#39;h</span> <span class='ocrx_word' id='word_1_281' title='bbox 1580 2277 1691 2335; x_wconf 86' lang='lat' dir='ltr'>Herode</span> <span class='ocrx_word' id='word_1_282' title='bbox 1706 2278 1756 2334; x_wconf 92' lang='lat' dir='ltr'>ubi</span> <span class='ocrx_word' id='word_1_283' title='bbox 1773 2277 1911 2337; x_wconf 76' lang='lat' dir='ltr'>Christus</span> 
     </span>
     <span class='ocr_line' id='line_1_23' title="bbox 196 2365 1910 2441; baseline 0.002 -19"><span class='ocrx_word' id='word_1_284' title='bbox 196 2365 370 2422; x_wconf 89' lang='lat' dir='ltr'>muneribus</span> <span class='ocrx_word' id='word_1_285' title='bbox 384 2366 421 2422; x_wconf 90' lang='lat' dir='ltr'>ad</span> <span class='ocrx_word' id='word_1_286' title='bbox 443 2367 625 2423; x_wconf 89' lang='lat' dir='ltr'>odorandum</span> <span class='ocrx_word' id='word_1_287' title='bbox 646 2384 714 2424; x_wconf 87' lang='lat' dir='ltr'>eum</span> <span class='ocrx_word' id='word_1_288' title='bbox 731 2369 950 2425; x_wconf 80' lang='lat' dir='ltr'>festinaverunt.</span> <span class='ocrx_word' id='word_1_289' title='bbox 967 2367 1024 2424; x_wconf 87' lang='lat' dir='ltr'>Sed</span> <span class='ocrx_word' id='word_1_290' title='bbox 1078 2369 1257 2432; x_wconf 87' lang='lat' dir='ltr'>nasceretur,</span> <span class='ocrx_word' id='word_1_291' title='bbox 1271 2366 1349 2439; x_wconf 91' lang='lat' dir='ltr'>quod</span> <span class='ocrx_word' id='word_1_292' title='bbox 1365 2365 1495 2439; x_wconf 88' lang='lat' dir='ltr'>legerant</span> <span class='ocrx_word' id='word_1_293' title='bbox 1517 2369 1547 2422; x_wconf 90' lang='lat' dir='ltr'>et</span> <span class='ocrx_word' id='word_1_294' title='bbox 1568 2366 1731 2424; x_wconf 88' lang='lat' dir='ltr'>didicerant</span> <span class='ocrx_word' id='word_1_295' title='bbox 1745 2369 1910 2441; x_wconf 87' lang='lat' dir='ltr'>responde-</span> 
     </span>
     <span class='ocr_line' id='line_1_24' title="bbox 196 2453 1323 2528; baseline -0.002 -18"><span class='ocrx_word' id='word_1_296' title='bbox 196 2459 295 2512; x_wconf 87' lang='lat' dir='ltr'>temen</span> <span class='ocrx_word' id='word_1_297' title='bbox 321 2453 371 2528; x_wconf 92' lang='lat' dir='ltr'>qui</span> <span class='ocrx_word' id='word_1_298' title='bbox 396 2453 520 2527; x_wconf 89' lang='lat' dir='ltr'>quilibet</span> <span class='ocrx_word' id='word_1_299' title='bbox 543 2455 649 2513; x_wconf 91' lang='lat' dir='ltr'>horum</span> <span class='ocrx_word' id='word_1_300' title='bbox 665 2457 784 2527; x_wconf 85' lang='lat' dir='ltr'>fuerint,</span> <span class='ocrx_word' id='word_1_301' title='bbox 811 2457 964 2514; x_wconf 89' lang='lat' dir='ltr'>sciendum</span> <span class='ocrx_word' id='word_1_302' title='bbox 979 2459 1024 2514; x_wconf 88' lang='lat' dir='ltr'>est</span> <span class='ocrx_word' id='word_1_303' title='bbox 1078 2457 1157 2520; x_wconf 87' lang='lat' dir='ltr'>runt,</span> <span class='ocrx_word' id='word_1_304' title='bbox 1174 2453 1323 2510; x_wconf 88' lang='lat' dir='ltr'>dicentes:</span> 
     </span>
     <span class='ocr_line' id='line_1_25' title="bbox 197 2541 1910 2620; baseline 0.004 -22"><span class='ocrx_word' id='word_1_305' title='bbox 197 2543 267 2615; x_wconf 90' lang='lat' dir='ltr'>quia</span> <span class='ocrx_word' id='word_1_306' title='bbox 281 2541 417 2616; x_wconf 79' lang='lat' dir='ltr'>primitie</span> <span class='ocrx_word' id='word_1_307' title='bbox 440 2544 572 2617; x_wconf 88' lang='lat' dir='ltr'>gentium</span> <span class='ocrx_word' id='word_1_308' title='bbox 594 2543 721 2616; x_wconf 86' lang='lat' dir='ltr'>suerunt,</span> <span class='ocrx_word' id='word_1_309' title='bbox 737 2549 766 2602; x_wconf 92' lang='lat' dir='ltr'>et</span> <span class='ocrx_word' id='word_1_310' title='bbox 779 2549 880 2620; x_wconf 85' lang='lat' dir='ltr'>gentes</span> <span class='ocrx_word' id='word_1_311' title='bbox 895 2546 924 2602; x_wconf 92' lang='lat' dir='ltr'>in</span> <span class='ocrx_word' id='word_1_312' title='bbox 940 2545 1023 2602; x_wconf 85' lang='lat' dir='ltr'>Chri·</span> <span class='ocrx_word' id='word_1_313' title='bbox 1114 2565 1127 2592; x_wconf 85' lang='grc' dir='ltr'>ιι</span> <span class='ocrx_word' id='word_1_314' title='bbox 1147 2547 1179 2598; x_wconf 86' lang='lat' dir='ltr'>ln</span> <span class='ocrx_word' id='word_1_315' title='bbox 1193 2541 1361 2600; x_wconf 88' lang='lat' dir='ltr'>Bethlehem</span> <span class='ocrx_word' id='word_1_316' title='bbox 1377 2543 1469 2612; x_wconf 79' lang='lat' dir='ltr'>luda,</span> <span class='ocrx_word' id='word_1_317' title='bbox 1488 2565 1503 2596; x_wconf 82' lang='lat' dir='ltr'>a</span> <span class='ocrx_word' id='word_1_318' title='bbox 1517 2545 1725 2604; x_wconf 75' lang='lat' dir='ltr'>confirmantes</span> <span class='ocrx_word' id='word_1_319' title='bbox 1741 2546 1795 2603; x_wconf 90' lang='lat' dir='ltr'>hoc</span> <span class='ocrx_word' id='word_1_320' title='bbox 1809 2551 1910 2605; x_wconf 87' lang='lat' dir='ltr'>aucto·</span> 
     </span>
     <span class='ocr_line' id='line_1_26' title="bbox 198 2631 1537 2708; baseline 0.001 -20"><span class='ocrx_word' id='word_1_321' title='bbox 198 2635 277 2688; x_wconf 91' lang='lat' dir='ltr'>stum</span> <span class='ocrx_word' id='word_1_322' title='bbox 288 2631 450 2690; x_wconf 88' lang='lat' dir='ltr'>credituras</span> <span class='ocrx_word' id='word_1_323' title='bbox 461 2632 659 2706; x_wconf 83' lang='lat' dir='ltr'>signaverunt.</span> <span class='ocrx_word' id='word_1_324' title='bbox 672 2635 748 2692; x_wconf 91' lang='lat' dir='ltr'>Bene</span> <span class='ocrx_word' id='word_1_325' title='bbox 758 2641 856 2693; x_wconf 89' lang='lat' dir='ltr'>autem</span> <span class='ocrx_word' id='word_1_326' title='bbox 871 2640 931 2691; x_wconf 89' lang='lat' dir='ltr'>tres</span> <span class='ocrx_word' id='word_1_327' title='bbox 945 2634 1025 2708; x_wconf 83' lang='lat' dir='ltr'>mugi</span> <span class='ocrx_word' id='word_1_328' title='bbox 1078 2633 1164 2689; x_wconf 88' lang='lat' dir='ltr'>ritate</span> <span class='ocrx_word' id='word_1_329' title='bbox 1179 2631 1359 2705; x_wconf 89' lang='lat' dir='ltr'>prophetica,</span> <span class='ocrx_word' id='word_1_330' title='bbox 1375 2633 1537 2690; x_wconf 86' lang='lat' dir='ltr'>discentes:</span> 
     </span>
    </p>
   </div>
   <div class='ocr_carea' id='block_1_3' title="bbox 82 2719 1909 2798">
    <p class='ocr_par' dir='ltr' id='par_1_3' title="bbox 82 2719 1909 2798">
     <span class='ocr_line' id='line_1_27' title="bbox 82 2719 1909 2798; baseline 0.004 -23"><span class='ocrx_word' id='word_1_331' title='bbox 82 2765 86 2770; x_wconf 94' lang='lat'>.</span> <span class='ocrx_word' id='word_1_332' title='bbox 199 2719 1024 2798; x_wconf 82' lang='lat' dir='ltr'>suissediountur,quiagentilispopulusedsidemre·</span> <span class='ocrx_word' id='word_1_333' title='bbox 1116 2720 1771 2798; x_wconf 81' lang='lat' dir='ltr'>uBttuBethlehemterraludc,nequaquam</span> <span class='ocrx_word' id='word_1_334' title='bbox 1782 2727 1909 2784; x_wconf 90' lang='lat' dir='ltr'>minima</span> 
     </span>
    </p>
   </div>
   <div class='ocr_carea' id='block_1_4' title="bbox 162 2809 1916 5750">
    <p class='ocr_par' dir='ltr' id='par_1_4' title="bbox 162 2809 1916 5750">
     <span class='ocr_line' id='line_1_28' title="bbox 198 2809 1908 2890; baseline 0.003 -22"><span class='ocrx_word' id='word_1_335' title='bbox 198 2810 292 2880; x_wconf 87' lang='lat' dir='ltr'>niens,</span> <span class='ocrx_word' id='word_1_336' title='bbox 305 2809 486 2869; x_wconf 87' lang='lat' dir='ltr'>individuam</span> <span class='ocrx_word' id='word_1_337' title='bbox 496 2813 657 2870; x_wconf 86' lang='lat' dir='ltr'>trinitatem</span> <span class='ocrx_word' id='word_1_338' title='bbox 671 2815 760 2872; x_wconf 88' lang='lat' dir='ltr'>Deum</span> <span class='ocrx_word' id='word_1_339' title='bbox 770 2814 899 2872; x_wconf 87' lang='lat' dir='ltr'>confiteri</span> <span class='ocrx_word' id='word_1_340' title='bbox 911 2813 1023 2870; x_wconf 89' lang='lat' dir='ltr'>didicit.</span> <span class='ocrx_word' id='word_1_341' title='bbox 1079 2833 1093 2862; x_wconf 83' lang='grc' dir='ltr'>ιι</span> <span class='ocrx_word' id='word_1_342' title='bbox 1108 2827 1139 2866; x_wconf 91' lang='lat' dir='ltr'>es</span> <span class='ocrx_word' id='word_1_343' title='bbox 1154 2810 1184 2866; x_wconf 90' lang='lat' dir='ltr'>in</span> <span class='ocrx_word' id='word_1_344' title='bbox 1209 2810 1392 2883; x_wconf 88' lang='lat' dir='ltr'>principibus</span> <span class='ocrx_word' id='word_1_345' title='bbox 1406 2811 1493 2869; x_wconf 83' lang='lat' dir='ltr'>lude.</span> <span class='ocrx_word' id='word_1_346' title='bbox 1509 2834 1524 2864; x_wconf 89' lang='lat'>»</span> <span class='ocrx_word' id='word_1_347' title='bbox 1546 2811 1609 2870; x_wconf 88' lang='lat' dir='ltr'>Non</span> <span class='ocrx_word' id='word_1_348' title='bbox 1623 2814 1719 2870; x_wconf 91' lang='lat' dir='ltr'>solum</span> <span class='ocrx_word' id='word_1_349' title='bbox 1741 2815 1819 2872; x_wconf 86' lang='lat' dir='ltr'>euim</span> <span class='ocrx_word' id='word_1_350' title='bbox 1835 2817 1908 2890; x_wconf 85' lang='lat' dir='ltr'>quia</span> 
     </span>
     <span class='ocr_line' id='line_1_29' title="bbox 198 2897 1907 2976; baseline 0.004 -20"><span class='ocrx_word' id='word_1_351' title='bbox 198 2897 262 2958; x_wconf 87' lang='lat' dir='ltr'>Sive</span> <span class='ocrx_word' id='word_1_352' title='bbox 271 2904 332 2956; x_wconf 88' lang='lat' dir='ltr'>tres</span> <span class='ocrx_word' id='word_1_353' title='bbox 345 2900 474 2970; x_wconf 89' lang='lat' dir='ltr'>luerunt,</span> <span class='ocrx_word' id='word_1_354' title='bbox 486 2901 557 2974; x_wconf 92' lang='lat' dir='ltr'>quia</span> <span class='ocrx_word' id='word_1_355' title='bbox 566 2902 616 2975; x_wconf 91' lang='lat' dir='ltr'>qui</span> <span class='ocrx_word' id='word_1_356' title='bbox 629 2904 719 2960; x_wconf 86' lang='lat' dir='ltr'>Deum</span> <span class='ocrx_word' id='word_1_357' title='bbox 731 2905 863 2974; x_wconf 87' lang='lat' dir='ltr'>adorant,</span> <span class='ocrx_word' id='word_1_358' title='bbox 877 2907 936 2960; x_wconf 90' lang='lat' dir='ltr'>tres</span> <span class='ocrx_word' id='word_1_359' title='bbox 947 2902 1025 2976; x_wconf 90' lang='lat' dir='ltr'>prin-</span> <span class='ocrx_word' id='word_1_360' title='bbox 1079 2899 1212 2958; x_wconf 84' lang='lat' dir='ltr'>Christus</span> <span class='ocrx_word' id='word_1_361' title='bbox 1236 2905 1406 2957; x_wconf 86' lang='lat' dir='ltr'>nasceretur</span> <span class='ocrx_word' id='word_1_362' title='bbox 1419 2906 1569 2971; x_wconf 87' lang='lat' dir='ltr'>noverant,</span> <span class='ocrx_word' id='word_1_363' title='bbox 1585 2904 1635 2960; x_wconf 87' lang='lat' dir='ltr'>scd</span> <span class='ocrx_word' id='word_1_364' title='bbox 1652 2904 1740 2961; x_wconf 87' lang='lat' dir='ltr'>etiam</span> <span class='ocrx_word' id='word_1_365' title='bbox 1755 2903 1807 2961; x_wconf 89' lang='lat' dir='ltr'>ubi</span> <span class='ocrx_word' id='word_1_366' title='bbox 1822 2905 1907 2963; x_wconf 87' lang='lat' dir='ltr'>Chri·</span> 
     </span>
     <span class='ocr_line' id='line_1_30' title="bbox 200 2987 1907 3067; baseline 0.004 -21"><span class='ocrx_word' id='word_1_367' title='bbox 200 2987 307 3062; x_wconf 88' lang='lat' dir='ltr'>eipales</span> <span class='ocrx_word' id='word_1_368' title='bbox 319 2989 443 3047; x_wconf 90' lang='lat' dir='ltr'>virtutes</span> <span class='ocrx_word' id='word_1_369' title='bbox 458 2990 564 3048; x_wconf 88' lang='lat' dir='ltr'>hahere</span> <span class='ocrx_word' id='word_1_370' title='bbox 580 2992 696 3062; x_wconf 88' lang='lat' dir='ltr'>dehent,</span> <span class='ocrx_word' id='word_1_371' title='bbox 709 2993 808 3061; x_wconf 82' lang='lat' dir='ltr'>tidem,</span> <span class='ocrx_word' id='word_1_372' title='bbox 819 3009 912 3067; x_wconf 88' lang='lat' dir='ltr'>spem,</span> <span class='ocrx_word' id='word_1_373' title='bbox 928 2992 1023 3048; x_wconf 87' lang='lat' dir='ltr'>chari·</span> <span class='ocrx_word' id='word_1_374' title='bbox 1079 2993 1144 3046; x_wconf 87' lang='lat' dir='ltr'>stus</span> <span class='ocrx_word' id='word_1_375' title='bbox 1158 2995 1337 3047; x_wconf 86' lang='lat' dir='ltr'>nasceretur.</span> <span class='ocrx_word' id='word_1_376' title='bbox 1354 2991 1498 3055; x_wconf 86' lang='lat' dir='ltr'>Quoniam</span> <span class='ocrx_word' id='word_1_377' title='bbox 1510 2991 1636 3064; x_wconf 87' lang='lat' dir='ltr'>Spiritus</span> <span class='ocrx_word' id='word_1_378' title='bbox 1652 2997 1783 3065; x_wconf 85' lang='lat' dir='ltr'>sanctus,</span> <span class='ocrx_word' id='word_1_379' title='bbox 1799 3000 1907 3053; x_wconf 91' lang='lat' dir='ltr'>utum·</span> 
     </span>
     <span class='ocr_line' id='line_1_31' title="bbox 198 3075 1907 3156; baseline 0.005 -22"><span class='ocrx_word' id='word_1_380' title='bbox 198 3081 307 3148; x_wconf 87' lang='lat' dir='ltr'>tutom;</span> <span class='ocrx_word' id='word_1_381' title='bbox 334 3075 393 3134; x_wconf 90' lang='lat' dir='ltr'>sive</span> <span class='ocrx_word' id='word_1_382' title='bbox 407 3081 484 3134; x_wconf 89' lang='lat' dir='ltr'>certe</span> <span class='ocrx_word' id='word_1_383' title='bbox 498 3081 557 3135; x_wconf 87' lang='lat' dir='ltr'>tres</span> <span class='ocrx_word' id='word_1_384' title='bbox 573 3080 701 3150; x_wconf 89' lang='lat' dir='ltr'>luerunt,</span> <span class='ocrx_word' id='word_1_385' title='bbox 717 3081 786 3154; x_wconf 88' lang='lat' dir='ltr'>quia</span> <span class='ocrx_word' id='word_1_386' title='bbox 801 3083 851 3156; x_wconf 91' lang='lat' dir='ltr'>qui</span> <span class='ocrx_word' id='word_1_387' title='bbox 875 3082 967 3138; x_wconf 89' lang='lat' dir='ltr'>Deum</span> <span class='ocrx_word' id='word_1_388' title='bbox 982 3081 1023 3137; x_wconf 83' lang='lat' dir='ltr'>vi·</span> <span class='ocrx_word' id='word_1_389' title='bbox 1079 3095 1145 3136; x_wconf 90' lang='lat' dir='ltr'>uem</span> <span class='ocrx_word' id='word_1_390' title='bbox 1161 3079 1342 3136; x_wconf 85' lang='lat' dir='ltr'>occasionem</span> <span class='ocrx_word' id='word_1_391' title='bbox 1359 3097 1417 3136; x_wconf 91' lang='lat' dir='ltr'>non</span> <span class='ocrx_word' id='word_1_392' title='bbox 1427 3081 1564 3138; x_wconf 89' lang='lat' dir='ltr'>credendi</span> <span class='ocrx_word' id='word_1_393' title='bbox 1579 3083 1717 3152; x_wconf 81' lang='lat' dir='ltr'>aulerret,</span> <span class='ocrx_word' id='word_1_394' title='bbox 1734 3101 1792 3141; x_wconf 90' lang='lat' dir='ltr'>noa</span> <span class='ocrx_word' id='word_1_395' title='bbox 1807 3083 1907 3143; x_wconf 87' lang='lat' dir='ltr'>solum</span> 
     </span>
     <span class='ocr_line' id='line_1_32' title="bbox 198 3165 1908 3246; baseline 0.005 -24"><span class='ocrx_word' id='word_1_396' title='bbox 198 3165 266 3222; x_wconf 90' lang='lat' dir='ltr'>dere</span> <span class='ocrx_word' id='word_1_397' title='bbox 289 3167 466 3240; x_wconf 87' lang='lat' dir='ltr'>desiderent,</span> <span class='ocrx_word' id='word_1_398' title='bbox 484 3168 700 3242; x_wconf 84' lang='lat' dir='ltr'>cogitationem,</span> <span class='ocrx_word' id='word_1_399' title='bbox 717 3171 890 3228; x_wconf 89' lang='lat' dir='ltr'>locutionem</span> <span class='ocrx_word' id='word_1_400' title='bbox 906 3175 935 3228; x_wconf 90' lang='lat' dir='ltr'>et</span> <span class='ocrx_word' id='word_1_401' title='bbox 956 3187 1024 3244; x_wconf 93' lang='lat' dir='ltr'>ope·</span> <span class='ocrx_word' id='word_1_402' title='bbox 1078 3168 1227 3224; x_wconf 85' lang='lat' dir='ltr'>Christum</span> <span class='ocrx_word' id='word_1_403' title='bbox 1251 3183 1303 3240; x_wconf 90' lang='lat' dir='ltr'>per</span> <span class='ocrx_word' id='word_1_404' title='bbox 1324 3169 1482 3243; x_wconf 89' lang='lat' dir='ltr'>prophetas</span> <span class='ocrx_word' id='word_1_405' title='bbox 1495 3173 1678 3228; x_wconf 88' lang='lat' dir='ltr'>nasciturum</span> <span class='ocrx_word' id='word_1_406' title='bbox 1693 3173 1836 3246; x_wconf 78' lang='lat' dir='ltr'>predixit,</span> <span class='ocrx_word' id='word_1_407' title='bbox 1853 3174 1908 3232; x_wconf 82' lang='lat' dir='ltr'>sed</span> 
     </span>
     <span class='ocr_line' id='line_1_33' title="bbox 197 3240 1910 3336; baseline 0.004 -25"><span class='ocrx_word' id='word_1_408' title='bbox 197 3255 340 3316; x_wconf 88' lang='lat' dir='ltr'>rationem</span> <span class='ocrx_word' id='word_1_409' title='bbox 369 3274 453 3314; x_wconf 87' lang='lat' dir='ltr'>suam</span> <span class='ocrx_word' id='word_1_410' title='bbox 478 3258 630 3315; x_wconf 88' lang='lat' dir='ltr'>ohservare</span> <span class='ocrx_word' id='word_1_411' title='bbox 646 3259 752 3316; x_wconf 88' lang='lat' dir='ltr'>debent</span> <span class='ocrx_word' id='word_1_412' title='bbox 765 3277 782 3316; x_wconf 88' lang='lat' dir='ltr'>a</span> <span class='ocrx_word' id='word_1_413' title='bbox 797 3259 893 3328; x_wconf 87' lang='lat' dir='ltr'>malis,</span> <span class='ocrx_word' id='word_1_414' title='bbox 909 3264 938 3316; x_wconf 89' lang='lat' dir='ltr'>et</span> <span class='ocrx_word' id='word_1_415' title='bbox 961 3275 1021 3316; x_wconf 87' lang='lat' dir='ltr'>mc·</span> <span class='ocrx_word' id='word_1_416' title='bbox 1037 3240 1059 3309; x_wconf 79' lang='lat' dir='ltr'>C</span> <span class='ocrx_word' id='word_1_417' title='bbox 1078 3257 1165 3314; x_wconf 88' lang='lat' dir='ltr'>etism</span> <span class='ocrx_word' id='word_1_418' title='bbox 1181 3256 1277 3314; x_wconf 91' lang='lat' dir='ltr'>locum</span> <span class='ocrx_word' id='word_1_419' title='bbox 1294 3258 1344 3314; x_wconf 91' lang='lat' dir='ltr'>ubi</span> <span class='ocrx_word' id='word_1_420' title='bbox 1361 3259 1528 3316; x_wconf 88' lang='lat' dir='ltr'>nasciturus</span> <span class='ocrx_word' id='word_1_421' title='bbox 1542 3264 1605 3317; x_wconf 89' lang='lat' dir='ltr'>erat</span> <span class='ocrx_word' id='word_1_422' title='bbox 1618 3261 1791 3336; x_wconf 86' lang='lat' dir='ltr'>designavit,</span> <span class='ocrx_word' id='word_1_423' title='bbox 1806 3263 1910 3322; x_wconf 81' lang='lat' dir='ltr'>dicens</span> 
     </span>
     <span class='ocr_line' id='line_1_34' title="bbox 195 3343 1909 3423; baseline 0.005 -21"><span class='ocrx_word' id='word_1_424' title='bbox 195 3345 329 3412; x_wconf 89' lang='lat' dir='ltr'>moriam,</span> <span class='ocrx_word' id='word_1_425' title='bbox 342 3343 523 3403; x_wconf 88' lang='lat' dir='ltr'>intellectum</span> <span class='ocrx_word' id='word_1_426' title='bbox 534 3351 563 3403; x_wconf 91' lang='lat' dir='ltr'>et</span> <span class='ocrx_word' id='word_1_427' title='bbox 577 3347 757 3404; x_wconf 85' lang='lat' dir='ltr'>voluntatem</span> <span class='ocrx_word' id='word_1_428' title='bbox 772 3364 914 3420; x_wconf 87' lang='lat' dir='ltr'>occupare</span> <span class='ocrx_word' id='word_1_429' title='bbox 928 3347 959 3403; x_wconf 87' lang='lat' dir='ltr'>in</span> <span class='ocrx_word' id='word_1_430' title='bbox 974 3347 1023 3403; x_wconf 89' lang='lat' dir='ltr'>ho·</span> <span class='ocrx_word' id='word_1_431' title='bbox 1077 3361 1128 3418; x_wconf 90' lang='lat' dir='ltr'>per</span> <span class='ocrx_word' id='word_1_432' title='bbox 1152 3345 1304 3403; x_wconf 80' lang='lat' dir='ltr'>Michacm</span> <span class='ocrx_word' id='word_1_433' title='bbox 1317 3364 1323 3402; x_wconf 92' lang='lat'>:</span> <span class='ocrx_word' id='word_1_434' title='bbox 1336 3371 1350 3398; x_wconf 86' lang='grc' dir='ltr'>ιι</span> <span class='ocrx_word' id='word_1_435' title='bbox 1367 3349 1402 3404; x_wconf 83' lang='lat' dir='ltr'>Bt</span> <span class='ocrx_word' id='word_1_436' title='bbox 1417 3351 1449 3405; x_wconf 90' lang='lat' dir='ltr'>tn</span> <span class='ocrx_word' id='word_1_437' title='bbox 1468 3347 1637 3406; x_wconf 88' lang='lat' dir='ltr'>Bethlehem</span> <span class='ocrx_word' id='word_1_438' title='bbox 1658 3354 1736 3408; x_wconf 88' lang='lat' dir='ltr'>terra</span> <span class='ocrx_word' id='word_1_439' title='bbox 1749 3351 1838 3423; x_wconf 86' lang='lat' dir='ltr'>Juda,</span> <span class='ocrx_word' id='word_1_440' title='bbox 1854 3369 1909 3410; x_wconf 89' lang='lat' dir='ltr'>nc-</span> 
     </span>
     <span class='ocr_line' id='line_1_35' title="bbox 194 3432 1910 3508; baseline 0.005 -18"><span class='ocrx_word' id='word_1_441' title='bbox 194 3432 251 3490; x_wconf 87' lang='lat' dir='ltr'>nis.</span> <span class='ocrx_word' id='word_1_442' title='bbox 267 3433 318 3490; x_wconf 79' lang='lat' dir='ltr'>Vel</span> <span class='ocrx_word' id='word_1_443' title='bbox 348 3437 425 3490; x_wconf 88' lang='lat' dir='ltr'>certe</span> <span class='ocrx_word' id='word_1_444' title='bbox 449 3439 510 3490; x_wconf 89' lang='lat' dir='ltr'>tres</span> <span class='ocrx_word' id='word_1_445' title='bbox 535 3436 613 3508; x_wconf 89' lang='lat' dir='ltr'>magi</span> <span class='ocrx_word' id='word_1_446' title='bbox 639 3453 706 3492; x_wconf 87' lang='lat' dir='ltr'>rum</span> <span class='ocrx_word' id='word_1_447' title='bbox 730 3436 825 3492; x_wconf 87' lang='lat' dir='ltr'>tribus</span> <span class='ocrx_word' id='word_1_448' title='bbox 849 3436 1022 3493; x_wconf 88' lang='lat' dir='ltr'>muneribus</span> <span class='ocrx_word' id='word_1_449' title='bbox 1076 3451 1225 3506; x_wconf 90' lang='lat' dir='ltr'>quaquam</span> <span class='ocrx_word' id='word_1_450' title='bbox 1241 3435 1366 3492; x_wconf 89' lang='lat' dir='ltr'>minima</span> <span class='ocrx_word' id='word_1_451' title='bbox 1381 3453 1424 3504; x_wconf 90' lang='lat' dir='ltr'>es,</span> <span class='ocrx_word' id='word_1_452' title='bbox 1441 3461 1456 3488; x_wconf 77' lang='grc' dir='ltr'>ιι</span> <span class='ocrx_word' id='word_1_453' title='bbox 1471 3442 1538 3506; x_wconf 79' lang='lat' dir='ltr'>ete,</span> <span class='ocrx_word' id='word_1_454' title='bbox 1555 3455 1588 3496; x_wconf 86' lang='lat' dir='ltr'>cc</span> <span class='ocrx_word' id='word_1_455' title='bbox 1604 3439 1628 3496; x_wconf 90' lang='lat' dir='ltr'>si</span> <span class='ocrx_word' id='word_1_456' title='bbox 1644 3440 1769 3498; x_wconf 90' lang='lat' dir='ltr'>diceret:</span> <span class='ocrx_word' id='word_1_457' title='bbox 1783 3441 1806 3498; x_wconf 91' lang='grc' dir='ltr'>Ο</span> <span class='ocrx_word' id='word_1_458' title='bbox 1822 3443 1910 3499; x_wconf 88' lang='lat' dir='ltr'>Beth-</span> 
     </span>
     <span class='ocr_line' id='line_1_36' title="bbox 192 3520 1909 3596; baseline 0.006 -18"><span class='ocrx_word' id='word_1_459' title='bbox 192 3524 346 3590; x_wconf 87' lang='lat' dir='ltr'>venernnt‚</span> <span class='ocrx_word' id='word_1_460' title='bbox 369 3520 439 3593; x_wconf 88' lang='lat' dir='ltr'>quia</span> <span class='ocrx_word' id='word_1_461' title='bbox 461 3522 579 3596; x_wconf 88' lang='lat' dir='ltr'>gentilis</span> <span class='ocrx_word' id='word_1_462' title='bbox 595 3522 722 3596; x_wconf 90' lang='lat' dir='ltr'>populus</span> <span class='ocrx_word' id='word_1_463' title='bbox 735 3526 770 3581; x_wconf 92' lang='lat' dir='ltr'>ad</span> <span class='ocrx_word' id='word_1_464' title='bbox 787 3525 875 3582; x_wconf 88' lang='lat' dir='ltr'>tidem</span> <span class='ocrx_word' id='word_1_465' title='bbox 890 3525 1020 3593; x_wconf 86' lang='lat' dir='ltr'>veniens,</span> <span class='ocrx_word' id='word_1_466' title='bbox 1076 3521 1171 3580; x_wconf 90' lang='lat' dir='ltr'>lehem</span> <span class='ocrx_word' id='word_1_467' title='bbox 1188 3539 1251 3596; x_wconf 78' lang='lat' dir='ltr'>quie</span> <span class='ocrx_word' id='word_1_468' title='bbox 1263 3541 1295 3582; x_wconf 87' lang='lat' dir='ltr'>es</span> <span class='ocrx_word' id='word_1_469' title='bbox 1309 3525 1339 3582; x_wconf 90' lang='lat' dir='ltr'>in</span> <span class='ocrx_word' id='word_1_470' title='bbox 1354 3529 1432 3583; x_wconf 86' lang='lat' dir='ltr'>terra</span> <span class='ocrx_word' id='word_1_471' title='bbox 1444 3528 1530 3595; x_wconf 82' lang='lat' dir='ltr'>luda,</span> <span class='ocrx_word' id='word_1_472' title='bbox 1546 3527 1654 3586; x_wconf 86' lang='lat' dir='ltr'>videris</span> <span class='ocrx_word' id='word_1_473' title='bbox 1669 3528 1700 3586; x_wconf 92' lang='lat' dir='ltr'>in</span> <span class='ocrx_word' id='word_1_474' title='bbox 1715 3529 1909 3588; x_wconf 89' lang='lat' dir='ltr'>multitudine</span> 
     </span>
     <span class='ocr_line' id='line_1_37' title="bbox 194 3609 1907 3691; baseline 0.006 -25"><span class='ocrx_word' id='word_1_475' title='bbox 194 3613 255 3668; x_wconf 88' lang='lat' dir='ltr'>tres</span> <span class='ocrx_word' id='word_1_476' title='bbox 270 3609 420 3667; x_wconf 89' lang='lat' dir='ltr'>naturales</span> <span class='ocrx_word' id='word_1_477' title='bbox 430 3610 552 3668; x_wconf 86' lang='lat' dir='ltr'>virtutes</span> <span class='ocrx_word' id='word_1_478' title='bbox 564 3629 662 3669; x_wconf 89' lang='lat' dir='ltr'>secum</span> <span class='ocrx_word' id='word_1_479' title='bbox 675 3613 789 3683; x_wconf 88' lang='lat' dir='ltr'>detulit,</span> <span class='ocrx_word' id='word_1_480' title='bbox 806 3614 957 3688; x_wconf 79' lang='lat' dir='ltr'>physicam</span> <span class='ocrx_word' id='word_1_481' title='bbox 969 3614 1022 3671; x_wconf 86' lang='lat' dir='ltr'>aet·</span> <span class='ocrx_word' id='word_1_482' title='bbox 1076 3611 1176 3686; x_wconf 91' lang='lat' dir='ltr'>populi</span> <span class='ocrx_word' id='word_1_483' title='bbox 1193 3611 1299 3684; x_wconf 90' lang='lat' dir='ltr'>minor,</span> <span class='ocrx_word' id='word_1_484' title='bbox 1316 3613 1347 3670; x_wconf 91' lang='lat' dir='ltr'>in</span> <span class='ocrx_word' id='word_1_485' title='bbox 1362 3613 1557 3687; x_wconf 88' lang='lat' dir='ltr'>amplitudine</span> <span class='ocrx_word' id='word_1_486' title='bbox 1571 3633 1724 3673; x_wconf 88' lang='lat' dir='ltr'>murorum</span> <span class='ocrx_word' id='word_1_487' title='bbox 1740 3619 1907 3691; x_wconf 85' lang='lat' dir='ltr'>angustior,</span> 
     </span>
     <span class='ocr_line' id='line_1_38' title="bbox 193 3698 1912 3779; baseline 0.005 -24"><span class='ocrx_word' id='word_1_488' title='bbox 193 3699 271 3772; x_wconf 90' lang='lat' dir='ltr'>licet,</span> <span class='ocrx_word' id='word_1_489' title='bbox 293 3698 420 3758; x_wconf 86' lang='lat' dir='ltr'>ethicam</span> <span class='ocrx_word' id='word_1_490' title='bbox 435 3704 463 3757; x_wconf 93' lang='lat' dir='ltr'>et</span> <span class='ocrx_word' id='word_1_491' title='bbox 477 3698 614 3774; x_wconf 86' lang='lat' dir='ltr'>logicam,</span> <span class='ocrx_word' id='word_1_492' title='bbox 629 3702 658 3760; x_wconf 90' lang='lat' dir='ltr'>id</span> <span class='ocrx_word' id='word_1_493' title='bbox 674 3707 719 3761; x_wconf 86' lang='lat' dir='ltr'>est</span> <span class='ocrx_word' id='word_1_494' title='bbox 733 3701 909 3771; x_wconf 89' lang='lat' dir='ltr'>naturalem,</span> <span class='ocrx_word' id='word_1_495' title='bbox 926 3721 1021 3762; x_wconf 87' lang='lat' dir='ltr'>mora·</span> <span class='ocrx_word' id='word_1_496' title='bbox 1076 3701 1520 3773; x_wconf 87' lang='lat' dir='ltr'>altitudincturriumhumilior,</span> <span class='ocrx_word' id='word_1_497' title='bbox 1528 3705 1578 3762; x_wconf 92' lang='lat' dir='ltr'>sed</span> <span class='ocrx_word' id='word_1_498' title='bbox 1588 3713 1774 3779; x_wconf 86' lang='lat' dir='ltr'>nequaquam</span> <span class='ocrx_word' id='word_1_499' title='bbox 1782 3706 1912 3764; x_wconf 87' lang='lat' dir='ltr'>minima</span> 
     </span>
     <span class='ocr_line' id='line_1_39' title="bbox 194 3787 1912 3870; baseline 0.006 -26"><span class='ocrx_word' id='word_1_500' title='bbox 194 3788 253 3846; x_wconf 87' lang='lat' dir='ltr'>lem</span> <span class='ocrx_word' id='word_1_501' title='bbox 268 3794 295 3848; x_wconf 90' lang='lat' dir='ltr'>ct</span> <span class='ocrx_word' id='word_1_502' title='bbox 310 3787 494 3847; x_wconf 87' lang='lat' dir='ltr'>rationalem.</span> <span class='ocrx_word' id='word_1_503' title='bbox 1076 3791 1144 3848; x_wconf 88' lang='lat' dir='ltr'>cris.</span> <span class='ocrx_word' id='word_1_504' title='bbox 1159 3793 1278 3859; x_wconf 81' lang='lat' dir='ltr'>Quare?</span> <span class='ocrx_word' id='word_1_505' title='bbox 1298 3792 1370 3865; x_wconf 88' lang='lat' dir='ltr'>quia</span> <span class='ocrx_word' id='word_1_506' title='bbox 1384 3815 1398 3844; x_wconf 83' lang='grc' dir='ltr'>ιι</span> <span class='ocrx_word' id='word_1_507' title='bbox 1415 3808 1450 3850; x_wconf 86' lang='lat' dir='ltr'>ex</span> <span class='ocrx_word' id='word_1_508' title='bbox 1463 3797 1491 3852; x_wconf 88' lang='lat' dir='ltr'>te</span> <span class='ocrx_word' id='word_1_509' title='bbox 1506 3794 1581 3851; x_wconf 84' lang='lat' dir='ltr'>exiet</span> <span class='ocrx_word' id='word_1_510' title='bbox 1600 3795 1669 3864; x_wconf 85' lang='lat' dir='ltr'>dux,</span> <span class='ocrx_word' id='word_1_511' title='bbox 1687 3796 1737 3868; x_wconf 91' lang='lat' dir='ltr'>qni</span> <span class='ocrx_word' id='word_1_512' title='bbox 1756 3801 1841 3869; x_wconf 88' lang='lat' dir='ltr'>regat</span> <span class='ocrx_word' id='word_1_513' title='bbox 1855 3813 1912 3870; x_wconf 91' lang='lat' dir='ltr'>pc·</span> 
     </span>
     <span class='ocr_line' id='line_1_40' title="bbox 231 3878 1912 3958; baseline 0.015 -29"><span class='ocrx_word' id='word_1_514' title='bbox 231 3878 390 3934; x_wconf 74' lang='lat' dir='ltr'>«Audiens</span> <span class='ocrx_word' id='word_1_515' title='bbox 413 3881 510 3936; x_wconf 89' lang='lat' dir='ltr'>autem</span> <span class='ocrx_word' id='word_1_516' title='bbox 535 3880 663 3940; x_wconf 88' lang='lat' dir='ltr'>Heredes</span> <span class='ocrx_word' id='word_1_517' title='bbox 687 3900 746 3955; x_wconf 83' lang='lat' dir='ltr'>rex,</span> <span class='ocrx_word' id='word_1_518' title='bbox 776 3885 912 3942; x_wconf 87' lang='lat' dir='ltr'>turbatus</span> <span class='ocrx_word' id='word_1_519' title='bbox 937 3890 981 3944; x_wconf 87' lang='lat' dir='ltr'>est</span> <span class='ocrx_word' id='word_1_520' title='bbox 994 3889 1024 3944; x_wconf 90' lang='lat' dir='ltr'>et</span> <span class='ocrx_word' id='word_1_521' title='bbox 1077 3904 1090 3932; x_wconf 75' lang='lat' dir='ltr'>u</span> <span class='ocrx_word' id='word_1_522' title='bbox 1108 3879 1210 3954; x_wconf 79' lang='lat' dir='ltr'>pulum</span> <span class='ocrx_word' id='word_1_523' title='bbox 1232 3897 1330 3938; x_wconf 68' lang='lat' dir='ltr'>meum</span> <span class='ocrx_word' id='word_1_524' title='bbox 1356 3881 1455 3939; x_wconf 67' lang='lat' dir='ltr'>lssratl·</span> <span class='ocrx_word' id='word_1_525' title='bbox 1474 3903 1488 3934; x_wconf 87' lang='lat'>»</span> <span class='ocrx_word' id='word_1_526' title='bbox 1503 3882 1658 3954; x_wconf 63' lang='lat' dir='ltr'>Unusl&#39;flffl</span> <span class='ocrx_word' id='word_1_527' title='bbox 1674 3901 1709 3940; x_wconf 75' lang='lat'>0¹</span> <span class='ocrx_word' id='word_1_528' title='bbox 1724 3890 1753 3941; x_wconf 59' lang='lat'>1⁰</span> <span class='ocrx_word' id='word_1_529' title='bbox 1768 3901 1912 3958; x_wconf 62' lang='lat' dir='ltr'>egffflm</span> 
     </span>
     <span class='ocr_line' id='line_1_41' title="bbox 196 3967 1912 4046; baseline 0.009 -28"><span class='ocrx_word' id='word_1_530' title='bbox 196 3990 209 4018; x_wconf 87' lang='lat'>«</span> <span class='ocrx_word' id='word_1_531' title='bbox 226 3967 324 4025; x_wconf 90' lang='lat' dir='ltr'>omnis</span> <span class='ocrx_word' id='word_1_532' title='bbox 339 3967 618 4042; x_wconf 74' lang='lat' dir='ltr'>hierosolymarum</span> <span class='ocrx_word' id='word_1_533' title='bbox 634 3971 693 4030; x_wconf 89' lang='lat' dir='ltr'>illo.</span> <span class='ocrx_word' id='word_1_534' title='bbox 707 3995 721 4023; x_wconf 76' lang='grc' dir='ltr'>ιι</span> <span class='ocrx_word' id='word_1_535' title='bbox 746 3973 874 4030; x_wconf 86' lang='lat' dir='ltr'>Herodes</span> <span class='ocrx_word' id='word_1_536' title='bbox 888 3977 934 4045; x_wconf 87' lang='lat' dir='ltr'>&lt;ut</span> <span class='ocrx_word' id='word_1_537' title='bbox 948 3975 1022 4032; x_wconf 84' lang='lat' dir='ltr'>dixi·</span> <span class='ocrx_word' id='word_1_538' title='bbox 1076 3973 1131 4038; x_wconf 86' lang='lat' dir='ltr'>est,</span> <span class='ocrx_word' id='word_1_539' title='bbox 1147 3970 1198 4027; x_wconf 90' lang='lat' dir='ltr'>scd</span> <span class='ocrx_word' id='word_1_540' title='bbox 1211 3969 1286 4027; x_wconf 87' lang='lat' dir='ltr'>alter</span> <span class='ocrx_word' id='word_1_541' title='bbox 1299 3970 1472 4044; x_wconf 86' lang='lat' dir='ltr'>egredietur.</span> <span class='ocrx_word' id='word_1_542' title='bbox 1499 3971 1642 4046; x_wconf 78' lang='lat' dir='ltr'>Egressus</span> <span class='ocrx_word' id='word_1_543' title='bbox 1661 3979 1706 4030; x_wconf 91' lang='lat' dir='ltr'>est</span> <span class='ocrx_word' id='word_1_544' title='bbox 1720 3972 1811 4031; x_wconf 78' lang='lat' dir='ltr'>David</span> <span class='ocrx_word' id='word_1_545' title='bbox 1828 3975 1912 4034; x_wconf 85' lang='lat' dir='ltr'>illins</span> 
     </span>
     <span class='ocr_line' id='line_1_42' title="bbox 197 4055 1910 4138; baseline 0.005 -24"><span class='ocrx_word' id='word_1_546' title='bbox 197 4061 286 4128; x_wconf 90' lang='lat' dir='ltr'>mna),</span> <span class='ocrx_word' id='word_1_547' title='bbox 304 4055 355 4130; x_wconf 91' lang='lat' dir='ltr'>qui</span> <span class='ocrx_word' id='word_1_548' title='bbox 371 4057 570 4116; x_wconf 78' lang='lat' dir='ltr'>fraudulenter</span> <span class='ocrx_word' id='word_1_549' title='bbox 583 4064 612 4117; x_wconf 89' lang='lat' dir='ltr'>et</span> <span class='ocrx_word' id='word_1_550' title='bbox 622 4060 725 4118; x_wconf 90' lang='lat' dir='ltr'>callide</span> <span class='ocrx_word' id='word_1_551' title='bbox 736 4079 859 4138; x_wconf 82' lang='lat' dir='ltr'>regnum</span> <span class='ocrx_word' id='word_1_552' title='bbox 873 4064 1024 4122; x_wconf 90' lang='lat' dir='ltr'>obtinehat</span> <span class='ocrx_word' id='word_1_553' title='bbox 1076 4059 1168 4128; x_wconf 77' lang='lat' dir='ltr'>lesse,</span> <span class='ocrx_word' id='word_1_554' title='bbox 1198 4058 1400 4132; x_wconf 85' lang='lat' dir='ltr'>temporaliter</span> <span class='ocrx_word' id='word_1_555' title='bbox 1423 4075 1560 4130; x_wconf 88' lang='lat' dir='ltr'>nascens,</span> <span class='ocrx_word' id='word_1_556' title='bbox 1575 4065 1604 4117; x_wconf 91' lang='lat' dir='ltr'>et</span> <span class='ocrx_word' id='word_1_557' title='bbox 1627 4062 1830 4136; x_wconf 89' lang='lat' dir='ltr'>temporaliter</span> <span class='ocrx_word' id='word_1_558' title='bbox 1845 4081 1910 4122; x_wconf 92' lang='lat' dir='ltr'>mo-</span> 
     </span>
     <span class='ocr_line' id='line_1_43' title="bbox 196 4145 1911 4226; baseline 0.006 -24"><span class='ocrx_word' id='word_1_559' title='bbox 196 4145 375 4214; x_wconf 82' lang='lat' dir='ltr'>Judaeorum,</span> <span class='ocrx_word' id='word_1_560' title='bbox 401 4161 469 4202; x_wconf 82' lang='lat' dir='ltr'>mox</span> <span class='ocrx_word' id='word_1_561' title='bbox 491 4152 524 4203; x_wconf 91' lang='lat' dir='ltr'>ut</span> <span class='ocrx_word' id='word_1_562' title='bbox 538 4163 636 4222; x_wconf 89' lang='lat' dir='ltr'>regem</span> <span class='ocrx_word' id='word_1_563' title='bbox 660 4149 829 4207; x_wconf 79' lang='lat' dir='ltr'>iudeorum</span> <span class='ocrx_word' id='word_1_564' title='bbox 846 4153 958 4210; x_wconf 83' lang='lat' dir='ltr'>audivit</span> <span class='ocrx_word' id='word_1_565' title='bbox 970 4169 1022 4210; x_wconf 91' lang='lat' dir='ltr'>na·</span> <span class='ocrx_word' id='word_1_566' title='bbox 1077 4149 1173 4206; x_wconf 88' lang='lat' dir='ltr'>riens:</span> <span class='ocrx_word' id='word_1_567' title='bbox 1191 4149 1357 4224; x_wconf 89' lang='lat' dir='ltr'>egredietur</span> <span class='ocrx_word' id='word_1_568' title='bbox 1371 4150 1567 4208; x_wconf 75' lang='lat' dir='ltr'>hiltesheim</span> <span class='ocrx_word' id='word_1_569' title='bbox 1578 4150 1675 4210; x_wconf 85' lang='lat' dir='ltr'>Mariae</span> <span class='ocrx_word' id='word_1_570' title='bbox 1685 4151 1807 4226; x_wconf 87' lang='lat' dir='ltr'>virginis</span> <span class='ocrx_word' id='word_1_571' title='bbox 1823 4159 1911 4213; x_wconf 87' lang='lat' dir='ltr'>utero</span> 
     </span>
     <span class='ocr_line' id='line_1_44' title="bbox 197 4238 1910 4316; baseline 0.005 -24"><span class='ocrx_word' id='word_1_572' title='bbox 197 4240 272 4306; x_wconf 91' lang='lat' dir='ltr'>tum,</span> <span class='ocrx_word' id='word_1_573' title='bbox 287 4239 422 4292; x_wconf 90' lang='lat' dir='ltr'>metuens</span> <span class='ocrx_word' id='word_1_574' title='bbox 433 4251 642 4310; x_wconf 86' lang='lat' dir='ltr'>successorem,</span> <span class='ocrx_word' id='word_1_575' title='bbox 654 4241 848 4298; x_wconf 86' lang='lat' dir='ltr'>conturbatus</span> <span class='ocrx_word' id='word_1_576' title='bbox 858 4246 903 4298; x_wconf 89' lang='lat' dir='ltr'>est</span> <span class='ocrx_word' id='word_1_577' title='bbox 913 4243 1022 4312; x_wconf 87' lang='lat' dir='ltr'>animo,</span> <span class='ocrx_word' id='word_1_578' title='bbox 1075 4238 1275 4311; x_wconf 88' lang='lat' dir='ltr'>temporaliter</span> <span class='ocrx_word' id='word_1_579' title='bbox 1299 4257 1433 4309; x_wconf 89' lang='lat' dir='ltr'>nascens,</span> <span class='ocrx_word' id='word_1_580' title='bbox 1454 4241 1505 4297; x_wconf 89' lang='lat' dir='ltr'>sed</span> <span class='ocrx_word' id='word_1_581' title='bbox 1519 4240 1694 4299; x_wconf 79' lang='lat' dir='ltr'>eternaliter</span> <span class='ocrx_word' id='word_1_582' title='bbox 1707 4258 1910 4316; x_wconf 87' lang='lat' dir='ltr'>permanens:</span> 
     </span>
     <span class='ocr_line' id='line_1_45' title="bbox 196 4326 1911 4408; baseline 0.004 -25"><span class='ocrx_word' id='word_1_583' title='bbox 196 4326 305 4384; x_wconf 90' lang='lat' dir='ltr'>timens</span> <span class='ocrx_word' id='word_1_584' title='bbox 318 4331 351 4384; x_wconf 93' lang='lat' dir='ltr'>ut</span> <span class='ocrx_word' id='word_1_585' title='bbox 363 4326 440 4400; x_wconf 91' lang='lat' dir='ltr'>quod</span> <span class='ocrx_word' id='word_1_586' title='bbox 452 4326 561 4399; x_wconf 89' lang='lat' dir='ltr'>injuste</span> <span class='ocrx_word' id='word_1_587' title='bbox 570 4328 697 4402; x_wconf 89' lang='lat' dir='ltr'>tenebat,</span> <span class='ocrx_word' id='word_1_588' title='bbox 704 4331 784 4402; x_wconf 89' lang='lat' dir='ltr'>juste</span> <span class='ocrx_word' id='word_1_589' title='bbox 795 4331 950 4402; x_wconf 88' lang='lat' dir='ltr'>amitteret,</span> <span class='ocrx_word' id='word_1_590' title='bbox 964 4349 1022 4390; x_wconf 91' lang='lat' dir='ltr'>noa</span> <span class='ocrx_word' id='word_1_591' title='bbox 1076 4343 1213 4402; x_wconf 88' lang='lat' dir='ltr'>egressus</span> <span class='ocrx_word' id='word_1_592' title='bbox 1227 4332 1272 4384; x_wconf 88' lang='lat' dir='ltr'>est</span> <span class='ocrx_word' id='word_1_593' title='bbox 1286 4328 1375 4384; x_wconf 87' lang='lat' dir='ltr'>David</span> <span class='ocrx_word' id='word_1_594' title='bbox 1398 4329 1521 4387; x_wconf 88' lang='lat' dir='ltr'>decorus</span> <span class='ocrx_word' id='word_1_595' title='bbox 1533 4333 1562 4386; x_wconf 92' lang='lat' dir='ltr'>et</span> <span class='ocrx_word' id='word_1_596' title='bbox 1576 4329 1706 4404; x_wconf 88' lang='lat' dir='ltr'>pulcher,</span> <span class='ocrx_word' id='word_1_597' title='bbox 1723 4333 1773 4390; x_wconf 89' lang='lat' dir='ltr'>scd</span> <span class='ocrx_word' id='word_1_598' title='bbox 1790 4334 1911 4408; x_wconf 89' lang='lat' dir='ltr'>egredi·</span> 
     </span>
     <span class='ocr_line' id='line_1_46' title="bbox 195 4409 1912 4494; baseline 0.005 -22"><span class='ocrx_word' id='word_1_599' title='bbox 195 4414 362 4488; x_wconf 89' lang='lat' dir='ltr'>intelligens</span> <span class='ocrx_word' id='word_1_600' title='bbox 375 4416 445 4488; x_wconf 88' lang='lat' dir='ltr'>quia</span> <span class='ocrx_word' id='word_1_601' title='bbox 458 4414 506 4472; x_wconf 93' lang='lat' dir='ltr'>ille</span> <span class='ocrx_word' id='word_1_602' title='bbox 518 4433 575 4473; x_wconf 90' lang='lat' dir='ltr'>non</span> <span class='ocrx_word' id='word_1_603' title='bbox 593 4424 711 4476; x_wconf 85' lang='lat' dir='ltr'>venerut</span> <span class='ocrx_word' id='word_1_604' title='bbox 726 4424 756 4476; x_wconf 93' lang='lat' dir='ltr'>ut</span> <span class='ocrx_word' id='word_1_605' title='bbox 773 4420 884 4478; x_wconf 87' lang='lat' dir='ltr'>tolleret</span> <span class='ocrx_word' id='word_1_606' title='bbox 899 4438 1022 4494; x_wconf 87' lang='lat' dir='ltr'>regnum</span> <span class='ocrx_word' id='word_1_607' title='bbox 1077 4419 1125 4472; x_wconf 87' lang='lat' dir='ltr'>tur</span> <span class='ocrx_word' id='word_1_608' title='bbox 1140 4415 1291 4487; x_wconf 83' lang='lat' dir='ltr'>speciosus</span> <span class='ocrx_word' id='word_1_609' title='bbox 1306 4417 1400 4474; x_wconf 80' lang='lat' dir='ltr'>forms</span> <span class='ocrx_word' id='word_1_610' title='bbox 1421 4435 1479 4491; x_wconf 81' lang='lat' dir='ltr'>pre</span> <span class='ocrx_word' id='word_1_611' title='bbox 1495 4418 1563 4476; x_wconf 86' lang='lat' dir='ltr'>tiliis</span> <span class='ocrx_word' id='word_1_612' title='bbox 1578 4409 1749 4477; x_wconf 82' lang='lat' dir='ltr'>hominurn:</span> <span class='ocrx_word' id='word_1_613' title='bbox 1767 4437 1912 4494; x_wconf 88' lang='lat' dir='ltr'>egressus</span> 
     </span>
     <span class='ocr_line' id='line_1_47' title="bbox 195 4503 1916 4586; baseline 0.006 -27"><span class='ocrx_word' id='word_1_614' title='bbox 195 4509 355 4574; x_wconf 87' lang='lat' dir='ltr'>terrenum,</span> <span class='ocrx_word' id='word_1_615' title='bbox 377 4505 428 4562; x_wconf 88' lang='lat' dir='ltr'>sed</span> <span class='ocrx_word' id='word_1_616' title='bbox 455 4509 487 4562; x_wconf 91' lang='lat' dir='ltr'>ut</span> <span class='ocrx_word' id='word_1_617' title='bbox 500 4507 686 4565; x_wconf 84' lang='lat' dir='ltr'>credentihus</span> <span class='ocrx_word' id='word_1_618' title='bbox 711 4509 855 4566; x_wconf 77' lang='lat' dir='ltr'>conterret</span> <span class='ocrx_word' id='word_1_619' title='bbox 869 4514 1022 4567; x_wconf 66' lang='lat' dir='ltr'>aternum.</span> <span class='ocrx_word' id='word_1_620' title='bbox 1077 4503 1916 4586; x_wconf 85' lang='lat' dir='ltr'>estDcvid,regnumlsraelrationabiliterndtempusgu·</span> 
     </span>
     <span class='ocr_line' id='line_1_48' title="bbox 196 4591 1911 4680; baseline 0.008 -34"><span class='ocrx_word' id='word_1_621' title='bbox 196 4591 250 4647; x_wconf 86' lang='lat' dir='ltr'>Sed</span> <span class='ocrx_word' id='word_1_622' title='bbox 267 4593 337 4663; x_wconf 89' lang='lat' dir='ltr'>quia</span> <span class='ocrx_word' id='word_1_623' title='bbox 352 4609 410 4648; x_wconf 90' lang='lat' dir='ltr'>non</span> <span class='ocrx_word' id='word_1_624' title='bbox 422 4593 517 4650; x_wconf 90' lang='lat' dir='ltr'>solum</span> <span class='ocrx_word' id='word_1_625' title='bbox 531 4595 669 4664; x_wconf 87' lang='lat' dir='ltr'>Herodes,</span> <span class='ocrx_word' id='word_1_626' title='bbox 685 4597 735 4652; x_wconf 90' lang='lat' dir='ltr'>sed</span> <span class='ocrx_word' id='word_1_627' title='bbox 746 4597 835 4654; x_wconf 90' lang='lat' dir='ltr'>etiam</span> <span class='ocrx_word' id='word_1_628' title='bbox 845 4599 941 4656; x_wconf 86' lang='lat' dir='ltr'>omnis</span> <span class='ocrx_word' id='word_1_629' title='bbox 956 4597 1023 4655; x_wconf 87' lang='lat' dir='ltr'>Hic·</span> <span class='ocrx_word' id='word_1_630' title='bbox 1037 4616 1060 4680; x_wconf 67' lang='grc' dir='ltr'>Ι)</span> <span class='ocrx_word' id='word_1_631' title='bbox 1076 4595 1217 4650; x_wconf 84' lang='lat' dir='ltr'>bernaus:</span> <span class='ocrx_word' id='word_1_632' title='bbox 1229 4595 1911 4671; x_wconf 80' lang='lat' dir='ltr'>etegredieturBiliusDei,quilsraelvidentem</span> 
     </span>
     <span class='ocr_line' id='line_1_49' title="bbox 196 4678 1910 4760; baseline 0.009 -27"><span class='ocrx_word' id='word_1_633' title='bbox 196 4678 342 4753; x_wconf 77' lang='lat' dir='ltr'>rosolyma</span> <span class='ocrx_word' id='word_1_634' title='bbox 356 4697 422 4736; x_wconf 89' lang='lat' dir='ltr'>cum</span> <span class='ocrx_word' id='word_1_635' title='bbox 439 4681 489 4739; x_wconf 93' lang='lat' dir='ltr'>illo</span> <span class='ocrx_word' id='word_1_636' title='bbox 504 4684 622 4740; x_wconf 88' lang='lat' dir='ltr'>turbate</span> <span class='ocrx_word' id='word_1_637' title='bbox 641 4701 705 4740; x_wconf 89' lang='lat' dir='ltr'>esse</span> <span class='ocrx_word' id='word_1_638' title='bbox 726 4685 850 4742; x_wconf 87' lang='lat' dir='ltr'>dicitur:</span> <span class='ocrx_word' id='word_1_639' title='bbox 868 4687 1021 4744; x_wconf 90' lang='lat' dir='ltr'>sciendum</span> <span class='ocrx_word' id='word_1_640' title='bbox 1076 4681 1179 4752; x_wconf 72' lang='lat' dir='ltr'>Deum,</span> <span class='ocrx_word' id='word_1_641' title='bbox 1195 4683 1329 4740; x_wconf 74' lang='lat' dir='ltr'>ethiceb</span> <span class='ocrx_word' id='word_1_642' title='bbox 1342 4685 1508 4742; x_wconf 77' lang='lat' dir='ltr'>incursione</span> <span class='ocrx_word' id='word_1_643' title='bbox 1519 4686 1910 4760; x_wconf 81' lang='lat' dir='ltr'>daemonumspiritualibus</span> 
     </span>
     <span class='ocr_line' id='line_1_50' title="bbox 177 4768 1910 4860; baseline 0.005 -34"><span class='ocrx_word' id='word_1_644' title='bbox 177 4772 240 4860; x_wconf 26' lang='lat' dir='ltr'>&#39;est</span> <span class='ocrx_word' id='word_1_645' title='bbox 261 4768 331 4842; x_wconf 90' lang='lat' dir='ltr'>quia</span> <span class='ocrx_word' id='word_1_646' title='bbox 346 4787 379 4826; x_wconf 84' lang='lat' dir='ltr'>cx</span> <span class='ocrx_word' id='word_1_647' title='bbox 396 4788 454 4828; x_wconf 89' lang='lat' dir='ltr'>unc</span> <span class='ocrx_word' id='word_1_648' title='bbox 469 4789 624 4846; x_wconf 86' lang='lat' dir='ltr'>magorum</span> <span class='ocrx_word' id='word_1_649' title='bbox 644 4774 870 4848; x_wconf 87' lang='lat' dir='ltr'>interrogatione</span> <span class='ocrx_word' id='word_1_650' title='bbox 886 4793 942 4832; x_wconf 90' lang='lat' dir='ltr'>non</span> <span class='ocrx_word' id='word_1_651' title='bbox 958 4793 1021 4832; x_wconf 90' lang='lat' dir='ltr'>om·</span> <span class='ocrx_word' id='word_1_652' title='bbox 1076 4773 1167 4830; x_wconf 87' lang='lat' dir='ltr'>armis</span> <span class='ocrx_word' id='word_1_653' title='bbox 1181 4773 1326 4844; x_wconf 84' lang='lat' dir='ltr'>defendet,</span> <span class='ocrx_word' id='word_1_654' title='bbox 1343 4779 1372 4832; x_wconf 91' lang='lat' dir='ltr'>et</span> <span class='ocrx_word' id='word_1_655' title='bbox 1386 4777 1417 4832; x_wconf 88' lang='lat' dir='ltr'>iu</span> <span class='ocrx_word' id='word_1_656' title='bbox 1433 4776 1530 4834; x_wconf 86' lang='lat' dir='ltr'>saturo</span> <span class='ocrx_word' id='word_1_657' title='bbox 1550 4777 1586 4832; x_wconf 90' lang='lat' dir='ltr'>ad</span> <span class='ocrx_word' id='word_1_658' title='bbox 1602 4775 1729 4834; x_wconf 75' lang='lat' dir='ltr'>caelestis</span> <span class='ocrx_word' id='word_1_659' title='bbox 1753 4778 1837 4852; x_wconf 87' lang='lat' dir='ltr'>regni</span> <span class='ocrx_word' id='word_1_660' title='bbox 1852 4796 1910 4854; x_wconf 88' lang='lat' dir='ltr'>pa-</span> 
     </span>
     <span class='ocr_line' id='line_1_51' title="bbox 196 4860 1307 4937; baseline 0.011 -26"><span class='ocrx_word' id='word_1_661' title='bbox 196 4860 1023 4924; x_wconf 78' lang='lat' dir='ltr'>nesunomodoturhatidicuntur:aliionimturhahcntur</span> <span class='ocrx_word' id='word_1_662' title='bbox 1077 4865 1307 4937; x_wconf 89' lang='lat' dir='ltr'>senaperduoet.</span> 
     </span>
     <span class='ocr_line' id='line_1_52' title="bbox 196 4948 1911 5032; baseline 0.006 -32"><span class='ocrx_word' id='word_1_663' title='bbox 196 4950 314 5020; x_wconf 74' lang='lat' dir='ltr'>propter</span> <span class='ocrx_word' id='word_1_664' title='bbox 327 4948 476 5018; x_wconf 72' lang='lat' dir='ltr'>invidiam,</span> <span class='ocrx_word' id='word_1_665' title='bbox 488 4951 566 5007; x_wconf 90' lang='lat' dir='ltr'>siout</span> <span class='ocrx_word' id='word_1_666' title='bbox 578 4951 705 5009; x_wconf 89' lang='lat' dir='ltr'>Herodes</span> <span class='ocrx_word' id='word_1_667' title='bbox 717 4967 723 5020; x_wconf 92' lang='lat'>;</span> <span class='ocrx_word' id='word_1_668' title='bbox 737 4952 785 5009; x_wconf 89' lang='lat' dir='ltr'>alii</span> <span class='ocrx_word' id='word_1_669' title='bbox 803 4961 920 5028; x_wconf 89' lang='lat' dir='ltr'>propter</span> <span class='ocrx_word' id='word_1_670' title='bbox 934 4956 1021 5012; x_wconf 91' lang='lat' dir='ltr'>timo·</span> <span class='ocrx_word' id='word_1_671' title='bbox 1111 4976 1125 5004; x_wconf 91' lang='lat'>«</span> <span class='ocrx_word' id='word_1_672' title='bbox 1141 4957 1221 5011; x_wconf 85' lang='lat' dir='ltr'>Tunc</span> <span class='ocrx_word' id='word_1_673' title='bbox 1236 4953 1363 5012; x_wconf 87' lang='lat' dir='ltr'>Herodes</span> <span class='ocrx_word' id='word_1_674' title='bbox 1390 4954 1466 5012; x_wconf 84' lang='lat' dir='ltr'>clani</span> <span class='ocrx_word' id='word_1_675' title='bbox 1490 4956 1599 5013; x_wconf 84' lang='lat' dir='ltr'>voeatis</span> <span class='ocrx_word' id='word_1_676' title='bbox 1624 4956 1730 5030; x_wconf 88' lang='lat' dir='ltr'>magis,</span> <span class='ocrx_word' id='word_1_677' title='bbox 1746 4954 1911 5032; x_wconf 86' lang='lat' dir='ltr'>diligenter·</span> 
     </span>
     <span class='ocr_line' id='line_1_53' title="bbox 197 5035 1908 5119; baseline 0.006 -31"><span class='ocrx_word' id='word_1_678' title='bbox 197 5050 269 5100; x_wconf 90' lang='lat' dir='ltr'>rem,</span> <span class='ocrx_word' id='word_1_679' title='bbox 286 5035 431 5105; x_wconf 82' lang='lat' dir='ltr'>utludmi‚</span> <span class='ocrx_word' id='word_1_680' title='bbox 452 5040 501 5110; x_wconf 91' lang='lat' dir='ltr'>qui</span> <span class='ocrx_word' id='word_1_681' title='bbox 518 5041 671 5099; x_wconf 88' lang='lat' dir='ltr'>audientes</span> <span class='ocrx_word' id='word_1_682' title='bbox 687 5060 784 5116; x_wconf 84' lang='lat' dir='ltr'>regem</span> <span class='ocrx_word' id='word_1_683' title='bbox 801 5044 889 5116; x_wconf 81' lang='lat' dir='ltr'>quaeri</span> <span class='ocrx_word' id='word_1_684' title='bbox 906 5045 1019 5102; x_wconf 82' lang='lat' dir='ltr'>ludaeo-</span> <span class='ocrx_word' id='word_1_685' title='bbox 1076 5066 1090 5094; x_wconf 88' lang='grc' dir='ltr'>ιι</span> <span class='ocrx_word' id='word_1_686' title='bbox 1107 5043 1209 5100; x_wconf 90' lang='lat' dir='ltr'>didicit</span> <span class='ocrx_word' id='word_1_687' title='bbox 1225 5043 1451 5116; x_wconf 89' lang='lat' dir='ltr'>abeistempus</span> <span class='ocrx_word' id='word_1_688' title='bbox 1467 5044 1636 5118; x_wconf 77' lang='lat' dir='ltr'>stellaque</span> <span class='ocrx_word' id='word_1_689' title='bbox 1659 5045 1796 5119; x_wconf 90' lang='lat' dir='ltr'>apparuit</span> <span class='ocrx_word' id='word_1_690' title='bbox 1817 5045 1873 5104; x_wconf 89' lang='lat' dir='ltr'>eis.</span> <span class='ocrx_word' id='word_1_691' title='bbox 1892 5073 1908 5099; x_wconf 73' lang='grc' dir='ltr'>ιι</span> 
     </span>
     <span class='ocr_line' id='line_1_54' title="bbox 197 5123 1910 5207; baseline 0.01 -31"><span class='ocrx_word' id='word_1_692' title='bbox 197 5139 273 5191; x_wconf 87' lang='lat' dir='ltr'>ram,</span> <span class='ocrx_word' id='word_1_693' title='bbox 291 5123 472 5182; x_wconf 84' lang='lat' dir='ltr'>occasionem</span> <span class='ocrx_word' id='word_1_694' title='bbox 489 5127 545 5184; x_wconf 91' lang='lat' dir='ltr'>sibi</span> <span class='ocrx_word' id='word_1_695' title='bbox 571 5129 700 5204; x_wconf 91' lang='lat' dir='ltr'>aliquam</span> <span class='ocrx_word' id='word_1_696' title='bbox 716 5133 892 5190; x_wconf 88' lang='lat' dir='ltr'>nascendam</span> <span class='ocrx_word' id='word_1_697' title='bbox 909 5140 1021 5192; x_wconf 90' lang='lat' dir='ltr'>metue·</span> <span class='ocrx_word' id='word_1_698' title='bbox 1076 5133 1233 5207; x_wconf 86' lang='lat' dir='ltr'>Postquam</span> <span class='ocrx_word' id='word_1_699' title='bbox 1246 5133 1371 5190; x_wconf 87' lang='lat' dir='ltr'>Herodes</span> <span class='ocrx_word' id='word_1_700' title='bbox 1382 5132 1477 5189; x_wconf 91' lang='lat' dir='ltr'>locum</span> <span class='ocrx_word' id='word_1_701' title='bbox 1490 5133 1910 5193; x_wconf 76' lang='lat' dir='ltr'>nativitatisllbristiauetori-</span> 
     </span>
     <span class='ocr_line' id='line_1_55' title="bbox 196 5211 1908 5296; baseline 0.009 -30"><span class='ocrx_word' id='word_1_702' title='bbox 196 5211 277 5280; x_wconf 90' lang='lat' dir='ltr'>bant,</span> <span class='ocrx_word' id='word_1_703' title='bbox 293 5216 353 5268; x_wconf 89' lang='lat' dir='ltr'>tam</span> <span class='ocrx_word' id='word_1_704' title='bbox 370 5230 404 5268; x_wconf 83' lang='lat' dir='ltr'>ex</span> <span class='ocrx_word' id='word_1_705' title='bbox 418 5219 499 5286; x_wconf 87' lang='lat' dir='ltr'>parte</span> <span class='ocrx_word' id='word_1_706' title='bbox 515 5217 636 5276; x_wconf 88' lang='lat' dir='ltr'>Herodis</span> <span class='ocrx_word' id='word_1_707' title='bbox 659 5239 748 5294; x_wconf 82' lang='lat' dir='ltr'>quam</span> <span class='ocrx_word' id='word_1_708' title='bbox 764 5222 851 5279; x_wconf 86' lang='lat' dir='ltr'>etiam</span> <span class='ocrx_word' id='word_1_709' title='bbox 866 5239 901 5280; x_wconf 87' lang='lat' dir='ltr'>ex</span> <span class='ocrx_word' id='word_1_710' title='bbox 916 5224 1020 5282; x_wconf 86' lang='lat' dir='ltr'>Roma·</span> <span class='ocrx_word' id='word_1_711' title='bbox 1075 5226 1134 5280; x_wconf 91' lang='lat' dir='ltr'>tate</span> <span class='ocrx_word' id='word_1_712' title='bbox 1149 5223 1304 5296; x_wconf 76' lang='lat' dir='ltr'>Scriptura</span> <span class='ocrx_word' id='word_1_713' title='bbox 1319 5221 1431 5294; x_wconf 90' lang='lat' dir='ltr'>didicit,</span> <span class='ocrx_word' id='word_1_714' title='bbox 1449 5223 1485 5279; x_wconf 89' lang='lat' dir='ltr'>ad</span> <span class='ocrx_word' id='word_1_715' title='bbox 1496 5223 1619 5280; x_wconf 88' lang='lat' dir='ltr'>callidas</span> <span class='ocrx_word' id='word_1_716' title='bbox 1633 5221 1757 5280; x_wconf 88' lang='lat' dir='ltr'>insidias</span> <span class='ocrx_word' id='word_1_717' title='bbox 1768 5223 1908 5288; x_wconf 84' lang='lat' dir='ltr'>animum</span> 
     </span>
     <span class='ocr_line' id='line_1_56' title="bbox 196 5301 1907 5386; baseline 0.012 -30"><span class='ocrx_word' id='word_1_718' title='bbox 196 5316 320 5371; x_wconf 90' lang='lat' dir='ltr'>norum;</span> <span class='ocrx_word' id='word_1_719' title='bbox 337 5301 386 5357; x_wconf 88' lang='lat' dir='ltr'>alii</span> <span class='ocrx_word' id='word_1_720' title='bbox 401 5319 468 5359; x_wconf 84' lang='lat' dir='ltr'>vcro</span> <span class='ocrx_word' id='word_1_721' title='bbox 482 5321 534 5361; x_wconf 91' lang='lat' dir='ltr'>nee</span> <span class='ocrx_word' id='word_1_722' title='bbox 549 5310 825 5381; x_wconf 86' lang='lat' dir='ltr'>propterinvidiam,</span> <span class='ocrx_word' id='word_1_723' title='bbox 837 5329 889 5370; x_wconf 87' lang='lat' dir='ltr'>nec</span> <span class='ocrx_word' id='word_1_724' title='bbox 904 5317 1023 5386; x_wconf 84' lang='lat' dir='ltr'>propter</span> <span class='ocrx_word' id='word_1_725' title='bbox 1074 5312 1224 5380; x_wconf 84' lang='lat' dir='ltr'>convertit,</span> <span class='ocrx_word' id='word_1_726' title='bbox 1243 5315 1369 5367; x_wconf 86' lang='lat' dir='ltr'>tractans</span> <span class='ocrx_word' id='word_1_727' title='bbox 1384 5313 1530 5385; x_wconf 90' lang='lat' dir='ltr'>quomodo</span> <span class='ocrx_word' id='word_1_728' title='bbox 1552 5312 1664 5371; x_wconf 88' lang='lat' dir='ltr'>occulte</span> <span class='ocrx_word' id='word_1_729' title='bbox 1687 5329 1755 5370; x_wconf 87' lang='lat' dir='ltr'>eum</span> <span class='ocrx_word' id='word_1_730' title='bbox 1780 5315 1907 5386; x_wconf 79' lang='lat' dir='ltr'>perdere</span> 
     </span>
     <span class='ocr_line' id='line_1_57' title="bbox 194 5389 1906 5477; baseline 0.011 -33"><span class='ocrx_word' id='word_1_731' title='bbox 194 5389 341 5459; x_wconf 88' lang='lat' dir='ltr'>timorem,</span> <span class='ocrx_word' id='word_1_732' title='bbox 368 5392 418 5449; x_wconf 91' lang='lat' dir='ltr'>sed</span> <span class='ocrx_word' id='word_1_733' title='bbox 435 5409 486 5464; x_wconf 93' lang='lat' dir='ltr'>pro</span> <span class='ocrx_word' id='word_1_734' title='bbox 502 5393 564 5450; x_wconf 90' lang='lat' dir='ltr'>solo</span> <span class='ocrx_word' id='word_1_735' title='bbox 577 5397 684 5467; x_wconf 86' lang='lat' dir='ltr'>gaudio</span> <span class='ocrx_word' id='word_1_736' title='bbox 698 5401 902 5459; x_wconf 89' lang='lat' dir='ltr'>turbabantur.</span> <span class='ocrx_word' id='word_1_737' title='bbox 921 5403 1021 5471; x_wconf 84' lang='lat' dir='ltr'>Qualis</span> <span class='ocrx_word' id='word_1_738' title='bbox 1074 5405 1183 5476; x_wconf 88' lang='lat' dir='ltr'>posset,</span> <span class='ocrx_word' id='word_1_739' title='bbox 1199 5415 1286 5472; x_wconf 89' lang='lat' dir='ltr'>quem</span> <span class='ocrx_word' id='word_1_740' title='bbox 1303 5398 1399 5472; x_wconf 88' lang='lat' dir='ltr'>palem</span> <span class='ocrx_word' id='word_1_741' title='bbox 1424 5401 1556 5459; x_wconf 88' lang='lat' dir='ltr'>audierat</span> <span class='ocrx_word' id='word_1_742' title='bbox 1570 5419 1710 5476; x_wconf 80' lang='lat' dir='ltr'>quarere.</span> <span class='ocrx_word' id='word_1_743' title='bbox 1725 5401 1906 5477; x_wconf 77' lang='lat' dir='ltr'>vocatisque</span> 
     </span>
     <span class='ocr_line' id='line_1_58' title="bbox 194 5479 1905 5566; baseline 0.009 -31"><span class='ocrx_word' id='word_1_744' title='bbox 194 5481 256 5538; x_wconf 89' lang='lat' dir='ltr'>erat</span> <span class='ocrx_word' id='word_1_745' title='bbox 278 5479 395 5538; x_wconf 88' lang='lat' dir='ltr'>Simeon</span> <span class='ocrx_word' id='word_1_746' title='bbox 417 5497 515 5550; x_wconf 84' lang='lat' dir='ltr'>senex,</span> <span class='ocrx_word' id='word_1_747' title='bbox 533 5485 657 5542; x_wconf 75' lang='lat' dir='ltr'>ethnae</span> <span class='ocrx_word' id='word_1_748' title='bbox 671 5488 768 5560; x_wconf 85' lang='lat' dir='ltr'>vidue,</span> <span class='ocrx_word' id='word_1_749' title='bbox 784 5494 813 5546; x_wconf 87' lang='lat' dir='ltr'>et</span> <span class='ocrx_word' id='word_1_750' title='bbox 826 5491 921 5549; x_wconf 78' lang='lat' dir='ltr'>ceteri</span> <span class='ocrx_word' id='word_1_751' title='bbox 935 5491 1018 5562; x_wconf 85' lang='lat' dir='ltr'>tales,</span> <span class='ocrx_word' id='word_1_752' title='bbox 1073 5490 1149 5548; x_wconf 87' lang='lat' dir='ltr'>elam</span> <span class='ocrx_word' id='word_1_753' title='bbox 1165 5488 1269 5562; x_wconf 90' lang='lat' dir='ltr'>magis,</span> <span class='ocrx_word' id='word_1_754' title='bbox 1281 5487 1311 5544; x_wconf 92' lang='lat' dir='ltr'>id</span> <span class='ocrx_word' id='word_1_755' title='bbox 1325 5493 1370 5546; x_wconf 90' lang='lat' dir='ltr'>est</span> <span class='ocrx_word' id='word_1_756' title='bbox 1380 5490 1502 5563; x_wconf 87' lang='lat' dir='ltr'>occulte,</span> <span class='ocrx_word' id='word_1_757' title='bbox 1518 5491 1674 5566; x_wconf 88' lang='lat' dir='ltr'>diligenter</span> <span class='ocrx_word' id='word_1_758' title='bbox 1687 5491 1791 5549; x_wconf 89' lang='lat' dir='ltr'>didicit</span> <span class='ocrx_word' id='word_1_759' title='bbox 1805 5493 1842 5550; x_wconf 89' lang='lat' dir='ltr'>ch</span> <span class='ocrx_word' id='word_1_760' title='bbox 1859 5493 1905 5550; x_wconf 88' lang='lat' dir='ltr'>eis</span> 
     </span>
     <span class='ocr_line' id='line_1_59' title="bbox 194 5569 1904 5655; baseline 0.009 -29"><span class='ocrx_word' id='word_1_761' title='bbox 194 5569 256 5643; x_wconf 89' lang='lat' dir='ltr'>qui,</span> <span class='ocrx_word' id='word_1_762' title='bbox 267 5569 484 5642; x_wconf 85' lang='lat' dir='ltr'>Spiritusancto</span> <span class='ocrx_word' id='word_1_763' title='bbox 495 5570 1020 5642; x_wconf 83' lang='lat' dir='ltr'>revelante,didicerantvieinamesse</span> <span class='ocrx_word' id='word_1_764' title='bbox 1073 5585 1191 5651; x_wconf 86' lang='lat' dir='ltr'>tempus</span> <span class='ocrx_word' id='word_1_765' title='bbox 1206 5576 1373 5652; x_wconf 81' lang='lat' dir='ltr'>stellaeque</span> <span class='ocrx_word' id='word_1_766' title='bbox 1394 5581 1530 5655; x_wconf 86' lang='lat' dir='ltr'>apparuit</span> <span class='ocrx_word' id='word_1_767' title='bbox 1541 5581 1594 5638; x_wconf 88' lang='lat' dir='ltr'>eis.</span> <span class='ocrx_word' id='word_1_768' title='bbox 1611 5581 1693 5652; x_wconf 84' lang='lat' dir='ltr'>Quod</span> <span class='ocrx_word' id='word_1_769' title='bbox 1708 5580 1820 5638; x_wconf 88' lang='lat' dir='ltr'>scilicet</span> <span class='ocrx_word' id='word_1_770' title='bbox 1835 5581 1904 5641; x_wconf 88' lang='lat' dir='ltr'>ideo</span> 
     </span>
     <span class='ocr_line' id='line_1_60' title="bbox 162 5655 1906 5750; baseline 0.007 -32"><span class='ocrx_word' id='word_1_771' title='bbox 162 5697 166 5712; x_wconf 66' lang='grc' dir='ltr'>ι</span> <span class='ocrx_word' id='word_1_772' title='bbox 194 5655 301 5726; x_wconf 72' lang='lat' dir='ltr'>Christi</span> <span class='ocrx_word' id='word_1_773' title='bbox 328 5660 519 5724; x_wconf 86' lang='lat' dir='ltr'>nativitatem.</span> <span class='ocrx_word' id='word_1_774' title='bbox 537 5662 593 5728; x_wconf 86' lang='lat' dir='ltr'>Sed</span> <span class='ocrx_word' id='word_1_775' title='bbox 621 5677 687 5720; x_wconf 88' lang='lat' dir='ltr'>cum</span> <span class='ocrx_word' id='word_1_776' title='bbox 717 5663 868 5724; x_wconf 83' lang='lat' dir='ltr'>audissent</span> <span class='ocrx_word' id='word_1_777' title='bbox 897 5671 1016 5746; x_wconf 70' lang='lat' dir='ltr'>tartum,</span> <span class='ocrx_word' id='word_1_778' title='bbox 1073 5668 1150 5742; x_wconf 80' lang='lat' dir='ltr'>feeit,</span> <span class='ocrx_word' id='word_1_779' title='bbox 1168 5671 1200 5726; x_wconf 89' lang='lat' dir='ltr'>ut</span> <span class='ocrx_word' id='word_1_780' title='bbox 1211 5667 1234 5730; x_wconf 88' lang='lat' dir='ltr'>si</span> <span class='ocrx_word' id='word_1_781' title='bbox 1251 5669 1328 5750; x_wconf 85' lang='lat' dir='ltr'>magi</span> <span class='ocrx_word' id='word_1_782' title='bbox 1344 5671 1380 5730; x_wconf 90' lang='lat' dir='ltr'>ad</span> <span class='ocrx_word' id='word_1_783' title='bbox 1395 5688 1463 5732; x_wconf 88' lang='lat' dir='ltr'>eum</span> <span class='ocrx_word' id='word_1_784' title='bbox 1478 5687 1537 5732; x_wconf 91' lang='lat' dir='ltr'>non</span> <span class='ocrx_word' id='word_1_785' title='bbox 1552 5672 1690 5746; x_wconf 89' lang='lat' dir='ltr'>redirent,</span> <span class='ocrx_word' id='word_1_786' title='bbox 1706 5671 1784 5748; x_wconf 83' lang='lat' dir='ltr'>qued</span> <span class='ocrx_word' id='word_1_787' title='bbox 1798 5675 1906 5750; x_wconf 84' lang='lat' dir='ltr'>postea</span> 
     </span>
    </p>
   </div>
   <div class='ocr_carea' id='block_1_5' title="bbox 0 0 2014 6178">
    <p class='ocr_par' dir='ltr' id='par_1_5' title="bbox 0 0 2014 6178">
     <span class='ocr_line' id='line_1_61' title="bbox 0 0 2014 6178; baseline 0 0"><span class='ocrx_word' id='word_1_788' title='bbox 0 0 2014 6178; x_wconf 95' lang='lat' dir='ltr'> </span> 
     </span>
    </p>
   </div>
  </div>
 </body>
</html>
