3950 6174
208 275 268 341 583
487 269 694 335 HAYMONIS
716 269 988 334 sanusesrar.
1010 269 1133 334 DPlSC.
1158 272 1244 336 DPP.
1267 273 1367 338 PARS
1390 274 1428 337 ll.
1445 307 1481 319 -
1497 275 1627 339 1101111.
1822 285 1870 351 581

208 407 252 464 dit
266 409 293 462 in
310 407 414 463 coeirtm
430 421 480 478 por
491 402 712 476 humanitatem,
726 403 775 458 ubi
786 419 902 476 semper
912 409 975 460 erut
984 421 1034 478 per
1048 407 1075 474 Α
1090 405 1139 461 Vel
1157 406 1226 480 quin
1241 425 1279 462 :ns
1295 407 1491 464 rubicundum
1507 407 1593 466 hebet
1606 410 1732 480 colorem,
1746 429 1828 470 ansus
1840 419 1872 474 di·

207 495 399 560 divinitatem.
412 494 462 550 Cui
476 494 569 563 sinrile
584 497 629 552 est
645 493 721 568 quod
739 492 808 548 alibi
818 490 907 551 dicit:
925 517 938 543 «
955 492 1032 552 Exivi
1088 500 1152 555 ctus
1166 499 1212 551 cst
1225 513 1354 572 serpens,
1367 502 1486 570 propter
1500 497 1616 570 pretiosi
1626 499 1764 576 sanguinis
1776 503 1870 561 allusio-

206 585 321 650 aPatre
336 588 365 646 et
378 583 443 640 veni
460 583 489 643 iu
506 583 665 642 muudum:
683 581 788 638 itcrm
805 579 938 656 relinquo
951 598 1033 638 mun·
1087 601 1165 640 nem.
1183 585 1268 659 Igniti
1284 589 1380 644 autem
1393 589 1554 660 serpentes,
1565 605 1683 662 quorum
1693 589 1822 650 morsibus
1833 591 1871 649 he

205 671 320 735 dumet
346 672 420 729 vado
449 673 486 728 ad
511 671 626 735 Petram
656 677 747 742 (deon.
762 671 831 744 xvc).
850 693 864 722 ιι
889 671 1033 744 Quaeritur
1085 673 1872 752 minosporihunt,veuenosascogitationesetmortiieras

203 761 313 826 iterum
326 778 416 840 quare
433 761 529 821 dicat:
547 785 562 812 ιι
579 762 670 820 Nemo
692 761 824 830 ascendit
838 759 868 816 in
884 758 1000 828 coelum,
1016 783 1030 812 ιι
1085 763 1291 846 persuasiones
1308 763 1484 840 significant.
1502 767 1579 834 Quen,
1600 783 1664 825 cum
1684 767 1870 828 delectationem

202 849 592 922 etc.,curnemnisssdelium
602 847 787 912 Dcoiesiaiilo
800 865 1030 916 senecensurem
1084 868 1251 926 perversum
1274 853 1419 925 usquead
1436 870 1612 912 consensum
1628 856 1784 930 perducant,
1806 859 1871 932 quasi

202 957 266 1005 esse
281 943 389 1018 credat,
406 959 463 1014 quo
479 945 567 1014 caput
582 957 667 998 suum
684 938 820 1017 memipit
834 938 1027 1014 precessisse,
1083 942 1240 1019 pungendo
1263 941 1393 1000 enimam
1419 941 1599 1010 interimunt.
1616 943 1686 1001 Nam
1708 949 1734 1002 ot
1747 945 1822 1020 primi
1834 967 1871 1022 pn-

197 1031 284 1102 iuxte
299 1031 392 1103 ipsius
401 1029 640 1104 promissionem,
657 1029 782 1091 dicentis
794 1046 802 1084 ι
815 1051 829 1079 ιι
840 1025 921 1096 Volo,
932 1028 1028 1098 Pater,
1084 1035 1181 1087 rentes
1197 1031 1289 1089 nostri
1305 1031 1334 1086 in
1350 1029 1485 1106 paradiso
1502 1033 1644 1108 serpentis
1654 1033 1755 1089 astutia
1768 1039 1826 1092 sunt
1837 1037 1872 1096 de-

200 1123 234 1184 ut
243 1119 294 1180 uhi
304 1137 370 1182 sum
382 1136 445 1194 ego,
457 1119 497 1180 ihi
508 1119 547 1183 ait
557 1124 586 1178 et
597 1119 732 1179 minister
742 1134 826 1176 meus
836 1117 1026 1191 (locemus
1083 1118 1169 1193 cepti.
1191 1119 1264 1176 bliro
1288 1137 1356 1194 orgo
1372 1120 1472 1178 ordine
1488 1127 1590 1178 contra
1603 1126 1758 1196 serpentem
1779 1125 1873 1196 ponitur

199 1208 330 1286 Adqund
341 1206 1028 1282 dicendumquieomniumelectornmcaputcst
1082 1223 1214 1280 serpens,
1230 1207 1299 1281 quia
1313 1225 1365 1282 per
1379 1209 1434 1276 boc
1445 1210 1522 1284 quod
1534 1210 1675 1266 Dominus
1685 1212 1815 1284 pronubis
1825 1229 1872 1286 pne
1937 1251 1938 1254 ι

198 1297 342 1365 Christus,
354 1302 383 1354 et
393 1297 482 1370 hujus
493 1296 735 1374 capitismembra
746 1299 923 1355 suntomues
931 1293 1026 1384 electi,
1081 1296 1195 1354 sionem
1208 1298 1360 1368 sustinuit,
1378 1297 1492 1371 antiqui
1509 1297 1871 1372 serpentiscaputcoutriril.
1937 1283 1938 1358 J

198 1388 307 1462 quihus
336 1388 379 1446 eit
403 1380 577 1462 Apostolus:
606 1411 619 1436 «
638 1385 696 1442 Vos
710 1389 808 1442 eutem
833 1385 1025 1468 estiscorpus
1080 1387 1252 1460 Quicunque
1280 1403 1349 1460 ergo
1373 1384 1525 1462 originalis
1553 1386 1663 1460 pcccati
1677 1388 1827 1460 punctione,
1839 1389 1871 1445 rel

197 1477 318 1546 Christi,
332 1481 361 1534 et
375 1477 506 1532 membra
524 1476 558 1530 de
575 1476 706 1532 membro
722 1475 747 1547 (1
755 1475 816 1532 Cor.
827 1473 889 1546 xrs).
902 1496 916 1524 ιι
933 1474 1024 1530 blcm-
1079 1475 1417 1548 cujuscunquerulnaris
1428 1477 1601 1550 contagione
1609 1476 1670 1533 vult
1681 1477 1873 1546 seueriintueo.
1937 1509 1938 1530 ι

196 1567 248 1631 bra
262 1582 329 1640 ergo
353 1565 439 1638 cupiti
457 1581 510 1622 suo
532 1564 709 1623 adherentia
724 1564 753 1620 iu
770 1561 876 1620 coslum
892 1565 962 1619 sunt
976 1579 1024 1621 as·
1078 1569 1297 1639 turserpcntem
1309 1565 1338 1621 in
1350 1565 1458 1639 stipite,
1472 1566 1500 1622 id
1511 1565 1869 1634 est,oons1teaturchristurr
1937 1567 1938 1620 i

196 1672 330 1715 cessure.
361 1655 417 1712 Sed
442 1653 513 1726 quia
537 1653 636 1710 nullus
660 1669 714 1710 sue
737 1651 902 1710 virtuteve!
918 1652 1022 1709 mer-ito
1077 1655 1107 1710 in
1124 1671 1219 1724 cruce,
1236 1658 1265 1710 ot
1280 1654 1358 1712 hunc
1373 1655 1557 1712 crucifixum.
1573 1656 1705 1729 Cumque
1718 1655 1764 1711 tali
1779 1655 1827 1712 fide
1838 1673 1871 1715 ar·

196 1744 352 1809 ascendere
365 1747 471 1818 potest,
484 1743 540 1802 sisi
552 1759 603 1818 per
616 1743 679 1814 eius
692 1741 829 1816 gratiam,
840 1741 891 1814 qui
900 1741 936 1800 do
950 1739 1022 1798 cocto
1036 1784 1061 1854 B
1076 1747 1174 1800 metus
1189 1743 1364 1800 crucifixerit
1378 1743 1512 1800 membra
1522 1761 1575 1801 suu
1590 1761 1660 1801 cnm
1670 1744 1746 1801 vitiis
1755 1749 1780 1802 et
1789 1761 1871 1802 concu-

194 1830 349 1894 interram
366 1832 541 1890 descendere
565 1832 703 1908 diguatus
727 1834 781 1898 est,
801 1835 878 1888 recte
894 1829 1019 1886 dicitur:
1077 1831 1238 1904 pisuentiis,
1254 1849 1311 1888 nou
1323 1831 1561 1890 solumamortis
1573 1831 1703 1906 periculo
1711 1832 1824 1900 liberari,
1834 1833 1871 1890 sed

194 1943 208 1971 c
224 1921 314 1981 Nemo
339 1919 471 1978 ascendit
486 1921 515 1977 in
537 1921 654 1993 ooelum,
670 1920 726 1977 nisi
744 1919 795 1993 qui
820 1917 971 1982 descendit
984 1919 1021 1984 de
1075 1921 1163 1977 etiam
1179 1921 1215 1976 ad
1231 1921 1320 1978 ritem
1331 1922 1479 1995 pervenire
1493 1921 1872 1981 merebiturcetemam.ilnds

194 2009 275 2082 celo,
286 2010 364 2068 tilius
380 2009 508 2071 heminis
519 2010 571 2088 qui
581 2008 754 2069 cstincoelo.
770 2033 784 2059 ιι
795 2008 867 2075 Ouia
878 2007 1021 2066 Dominus
1074 2013 1103 2067 et
1118 2010 1270 2066 subditur:
1288 2032 1302 2061 ιι
1317 2009 1353 2066 Ut
1368 2010 1464 2067 omnis
1478 2009 1528 2084 qui
1544 2011 1641 2068 credit
1655 2011 1684 2068 in
1699 2010 1768 2084 ipse,
1778 2027 1826 2068 nou
1836 2025 1872 2084 pe·

192 2099 277 2158 lesus
287 2099 495 2158 Christuscum
505 2099 815 2158 suismembrisunum
825 2098 951 2157 eflicitur
959 2115 1020 2154 cor·
1074 2122 1089 2150 ιι
1106 2103 1177 2165 reat,
1189 2099 1239 2156 sed
1250 2099 1358 2156 habeat
1367 2098 1455 2155 vitem
1466 2102 1618 2156 eternam.
1632 2124 1646 2151 ιι
1658 2125 1671 2150 ιι
1684 2099 1871 2164 Omnisenim,»

192 2205 258 2261 pus,
269 2187 321 2268 qui
335 2205 403 2263 ergo
414 2188 519 2246 caelum
532 2188 688 2247 escendere
699 2185 854 2253 desiderat,
867 2187 953 2262 capiti
964 2203 1018 2243 suo
1073 2187 1296 2262 eitScripture,«
1306 2187 1871 2264 quicunqueinvocaveritnomenDomini,

191 2278 263 2336 totis
276 2279 387 2336 viribus
402 2279 558 2338 adhereat.
574 2278 687 2350 thuiu
699 2277 782 2352 prius
793 2275 909 2333 Domini
920 2275 1017 2348 passio
1072 2279 1170 2336 salvus
1184 2278 1240 2335 erit
1260 2279 1326 2349 (Act.
1339 2280 1380 2350 rr),
1396 2301 1409 2328 ιι
1434 2279 1510 2334 sicut
1525 2279 1588 2352 ipae
1605 2278 1735 2336 Salvator
1749 2277 1775 2338 in
1800 2277 1872 2336 brau-

189 2369 513 2447 cousummnndeerut,
529 2371 558 2424 ot
582 2365 783 2444 postmodum
806 2366 868 2440 ejus
885 2363 1016 2422 ascensio
1071 2366 1146 2444 gello
1176 2367 1235 2426 ait:
1266 2367 1344 2438 cQui
1371 2367 1463 2424 credit
1486 2367 1516 2424 in
1541 2385 1599 2438 me,
1633 2367 1746 2426 etiamsi
1764 2369 1870 2426 mortuus

189 2455 587 2528 declarouds,Nicodemum,
600 2454 776 2532 magistrum
788 2453 919 2510 Massicus
931 2453 1015 2526 legis,
1071 2457 1169 2527 luerit,
1185 2457 1270 2514 vivet.
1301 2457 1336 2512 Et
1364 2459 1460 2514 omnis
1476 2457 1612 2530 quivirit
1628 2455 1757 2515 etcredit
1783 2456 1807 2510 in
1828 2469 1870 2518 me,

189 2545 380 2607 Dominusad
392 2544 696 2620 spiritalemejuscIem
708 2541 781 2618 legis
792 2541 1015 2616 intelligentiam
1070 2563 1128 2603 nou
1144 2545 1286 2604 morietur
1301 2546 1331 2602 in
1355 2549 1496 2602 eternum
1509 2547 1600 2616 (loco.
1619 2548 1669 2620 ιιι).
1688 2569 1702 2596 ιι
1727 2545 1773 2602 Ille
1795 2547 1869 2601 eutem

188 2639 334 2708 provocet,
351 2653 419 2694 cum
434 2633 603 2716 subjungit:
1069 2651 1134 2692 vere
1149 2635 1251 2705 credit,
1276 2635 1326 2710 qui
1343 2635 1384 2691 sic
1399 2635 1468 2692 vivit
1489 2633 1567 2691 sicut
1593 2636 1729 2692 Christus
1756 2631 1869 2708 precipit.

223 2747 238 2776 a
254 2725 289 2785 st
303 2725 380 2785 sicut
394 2725 508 2800 Moyses
519 2722 655 2786 exultavit
666 2726 830 2798 serpentem
845 2721 875 2777 in
886 2723 1012 2790 deserto,
1068 2723 1121 2789 Qui
1137 2729 1235 2781 autem
1252 2724 1406 2781 confitetur
1419 2723 1526 2794 verbis,
1543 2725 1593 2781 sed
1618 2723 1703 2781 sectis
1718 2739 1779 2779 eum
1794 2725 1869 2793 negat,

187 2838 201 2867 ιι
218 2816 259 2873 ita
274 2815 394 2878 exultari
409 2819 523 2894 oportet
536 2815 632 2878 filium
642 2812 781 2872 hominis.
793 2835 808 2864 ιι
819 2811 872 2871 Ubi
884 2810 1012 2870 historiar
1067 2831 1126 2871 non
1141 2813 1231 2869 vitem
1243 2815 1381 2882 meretur,
1397 2813 1449 2870 sed
1463 2829 1589 2887 posnam.
1604 2813 1691 2884 Quia,
1707 2812 1778 2872 sicut
1791 2809 1825 2866 ait
1835 2808 1870 2863 la-

186 2906 290 2967 uoteris
305 2904 371 2962 libri
384 2903 503 2964 Numeri
514 2903 656 2968 Dominus
667 2900 917 2976 menimit,inqua
927 2899 1012 2957 toedio
1067 2904 1158 2961 cobus
1174 2902 1343 2975 apostolus:
1360 2925 1374 2952 ιι
1392 2901 1476 2958 Fides
1492 2902 1554 2958 siue
1570 2903 1712 2976 operibus
1728 2901 1870 2958 mortuaest

185 2992 265 3076 longi
281 2991 393 3051 itineris
406 2991 720 3071 populuslsraeiiticus
729 2990 866 3059 sillictus,
882 3006 1014 3046 murmu·
1066 2980 1136 3066 (loc.
1154 2995 1198 3061 11).
1214 3015 1228 3042 ιι
1244 2992 1279 3048 Et
1304 2991 1410 3048 iterum
1426 3008 1432 3049 :
1448 3014 1461 3040 «
1479 2989 1524 3046 Tu
1541 2991 1640 3048 credis
1664 2991 1740 3066 quod
1757 3005 1823 3046 unus
1843 2986 1870 3042 sit

185 3099 266 3140 rasse
277 3087 378 3150 contra
388 3081 544 3144 Dominum
557 3083 711 3156 atbloysen
722 3082 929 3158 legitur(llum.
941 3083 1010 3150 xxi).
1066 3081 1166 3138 Densi
1181 3079 1258 3136 Bane
1273 3079 1355 3148 iacis,
1377 3084 1406 3136 et
1421 3079 1567 3136 deuteros
1585 3080 1721 3149 crodunt,
1738 3082 1765 3135 et
1778 3081 1869 3134 contre-

184 3171 305 3246 Propter
313 3173 574 3248 quodmisitiueos
583 3172 726 3231 Dominus
734 3169 1008 3248 serpentesignitos,
1024 3156 1046 3223 C
1066 3169 1194 3228 miscunt
1209 3169 1312 3243 (ibid).
1327 3189 1343 3220 ιι

183 3261 219 3318 ad
235 3279 362 3338 quorum
375 3279 492 3327 morsos
516 3279 584 3320 cum
600 3261 699 3337 plures
714 3263 908 3326 morerentur,
921 3275 1008 3316 vene·
1108 3299 1113 3307 ,

183 3357 252 3410 runt
267 3353 303 3411 sd
318 3353 448 3429 Moysen,
465 3350 615 3408 dicentes:
630 3373 643 3400 ιι
659 3350 768 3408 Omnes
789 3350 943 3418 morimur,
958 3365 1008 3406 orn

181 3455 234 3511 pre
250 3441 335 3497 nobis
351 3440 387 3502 ad
401 3437 569 3498 Dominum.
583 3459 597 3488 ιι
609 3439 740 3512 Cumque
755 3441 868 3496 orasset
881 3437 1005 3510 Moyses,

178 3527 270 3596 jussit
280 3543 346 3585 eum
358 3525 501 3600 Dominus
513 3527 605 3584 iacere
616 3528 780 3598 serpentem
790 3527 950 3593 eneum‚et
959 3541 1008 3596 po·
1096 3527 1215 3598 (Ilosru
1231 3526 1278 3600 ιν).
1304 3549 1318 3578 ιι
1336 3525 1526 3584 cbarissimi:
1543 3525 1623 3584 Deus
1644 3526 1769 3584 charitas
1783 3527 1830 3579 est.
1842 3519 1866 3576 lu

182 3627 250 3670 nere
262 3614 290 3672 in
301 3614 399 3691 stipite
410 3632 462 3690 pro
475 3615 569 3688 signo,
579 3614 694 3672 dicens:
707 3635 721 3666 ιι
730 3613 758 3668 Si
772 3611 838 3689 quis
848 3629 1007 3684 percussus
1062 3639 1076 3668 ιι
1090 3616 1143 3673 hoc
1159 3615 1294 3689 apparuit
1309 3614 1437 3672 charitas
1453 3614 1501 3672 Dei
1516 3615 1546 3670 iu
1563 3615 1663 3686 uobis,
1679 3613 1810 3689 quoniam
1832 3607 1867 3666 rt-

181 3717 249 3760 eum
265 3703 422 3779 aspexerit,
437 3702 523 3758 vivet.
535 3725 549 3754 ιι
576 3705 717 3774 iactaque
732 3705 776 3757 est
800 3700 875 3758 mira
898 3717 955 3768 res,
979 3707 1007 3758 et
1064 3725 1075 3755 ι
1089 3704 1160 3762 lium
1177 3721 1265 3762 suum
1281 3704 1466 3778 unigenitum
1482 3704 1563 3760 misit
1577 3704 1607 3759 in
1626 3705 1779 3771 muudum,
1797 3705 1825 3755 ut
1836 3696 1867 3751 u·

180 3795 267 3851 antea
288 3790 431 3850 inaudita.
452 3790 660 3848 Mordebautur
675 3808 691 3846 a
706 3789 901 3864 serpentibus,
929 3791 1005 3864 aspi·
1060 3819 1075 3848 ιι
1090 3811 1195 3852 remus
1211 3793 1380 3869 peripsum.
1394 3815 1408 3844 ιι
1420 3793 1588 3866 Etreliqua.
1602 3794 1753 3862 Quomodo
1763 3787 1868 3864 ipseDo-

180 3879 306 3950 ciebunt,
323 3885 501 3958 serpentem,
512 3883 541 3938 ot
556 3879 750 3938 sauuhsutur.
765 3879 847 3937 AEuei
861 3896 928 3954 ergo
943 3897 1004 3938 scr·
1060 3883 1159 3940 minus
1174 3881 1232 3942 ait:
1252 3905 1262 3933 ι
1276 3883 1416 3956 ltiejorem
1427 3882 1482 3938 hec
1492 3880 1684 3940 dilectionem
1696 3897 1778 3938 nemo
1788 3878 1867 3936 hahet,
1937 3941 1938 3944 Ἴ

179 3968 277 4042 peutis
298 3969 433 4028 exaltatio
461 3969 578 4028 Domini
607 3968 774 4044 passionem
798 3969 1003 4044 praefiguravit,
1059 3989 1148 4052 quam
1166 3977 1199 4029 ut
1214 3970 1343 4029 enimam
1359 3989 1443 4028 suem
1459 3974 1548 4045 ponet
1563 3971 1632 4044 quis
1643 3989 1697 4046 pro
1712 3968 1809 4026 amicis
1820 3963 1869 4022 suis

179 4059 229 4138 qui
246 4058 419 4124 exaltandus
433 4063 496 4117 erat
523 4075 618 4129 cruce,
634 4058 712 4116 sicut
736 4058 766 4114 in
790 4058 925 4131 praesenti
940 4058 1004 4118 loco
1060 4062 1146 4134 (toan.
1163 4061 1221 4134 xv).
1239 4083 1254 4112 ιι
1270 4061 1306 4118 ut
1323 4059 1361 4116 ihi
1379 4060 1502 4135 probata
1516 4064 1561 4115 est
1588 4059 1709 4116 dilectio
1737 4055 1832 4114 Christi
1846 4051 1868 4104 in

176 4147 316 4222 diguatus
331 4153 376 4206 ost
389 4163 540 4222 exponere.
558 4148 598 4205 De
613 4164 671 4222 qua
690 4147 752 4221 ipso
775 4147 845 4207 alibi
867 4148 925 4206 ait:
943 4172 957 4199 ιι
973 4148 1003 4206 Si
1058 4150 1153 4218 nobis,
1169 4149 1240 4223 quie
1254 4152 1389 4206 mortuus
1405 4153 1450 4205 est
1472 4165 1523 4222 pro
1539 4146 1636 4205 nobis.
1660 4145 1780 4205 Dilectio
1793 4140 1870 4201 Patris

176 4237 321 4300 exaltatos
336 4239 417 4296 luero
429 4255 447 4294 a
461 4241 548 4308 terre,
560 4237 659 4294 omnia
673 4227 787 4299 t'raham
803 4231 840 4294 orl
857 4236 1002 4310 meipsum
1058 4239 1136 4295 unde
1148 4239 1345 4312 prohateesta
1354 4236 1541 4304 nobisiQuia
1552 4235 1660 4294 Filium
1669 4253 1756 4294 suum
1768 4233 1868 4290 unicum

176 4329 265 4400 (leue.
281 4329 342 4400 xrs).
356 4351 371 4380 ιι
387 4328 445 4384 Nec
460 4325 578 4384 cuilibet
589 4326 743 4400 indiguum
754 4325 845 4382 videri
861 4325 956 4396 dehet,
973 4325 1001 4384 id
1057 4327 1139 4384 misit
1153 4327 1226 4385 mori
1238 4343 1289 4402 pro
1306 4327 1401 4398 nobis,
1412 4325 1487 4382 sicul
1498 4329 1528 4383 et
1537 4325 1648 4384 Paulus
1665 4323 1811 4400 apostolus
1823 4317 1866 4376 ait:

174 4419 220 4474 est
234 4415 377 4476 Dominus
392 4435 444 4494 por
454 4419 637 4490 assumptam
648 4414 863 4477 humanitatem
874 4415 1002 4491 serpenti
1057 4440 1071 4469 ιι
1088 4417 1140 4486 Qui
1153 4417 1269 4493 proprio
1281 4415 1354 4473 Filio
1369 4433 1421 4473 suo
1437 4433 1493 4472 non
1514 4416 1655 4490 pepercit,
1677 4417 1728 4472 sed
1740 4429 1789 4488 pro
1799 4405 1868 4467 nobit

174 4511 380 4580 comparetur;
397 4505 467 4582 quie
481 4505 544 4579 ipse
559 4522 611 4580 per
624 4503 800 4578 Prophetiam
811 4503 847 4560 de
857 4503 953 4575 seipso
963 4502 1002 4562 lo·
1015 4519 1039 4584 ῃ
1056 4506 1194 4564 omnihus
1205 4505 1326 4563 tradidit
1335 4522 1413 4574 eum,
1426 4505 1573 4578 quomodo
1583 4523 1642 4561 non
1655 4505 1745 4562 etiam
1758 4515 1818 4558 cum
1829 4493 1867 4554 ilio

174 4593 293 4666 quitur:
312 4617 326 4645 ιι
342 4595 400 4668 ligo
415 4597 513 4650 autem
529 4609 595 4650 sum
611 4593 708 4650 uernis
723 4595 752 4650 et
767 4607 823 4648 non
837 4590 936 4662 homo,
952 4609 1001 4666 op
1055 4596 1156 4655 omnia
1171 4594 1256 4654 nohis
1271 4595 1414 4653 donavit?
1430 4617 1444 4646 ιι
1459 4595 1546 4668 (dom.
1562 4598 1638 4664 rur.)

173 4683 325 4756 probrium
341 4682 496 4740 hominum
511 4686 540 4739 et
555 4680 679 4754 abjectio
695 4679 790 4754 plebis
800 4682 886 4752 (Psot.
902 4685 969 4750 xrs).
984 4705 999 4733 ιι
1092 4709 1107 4736 ιι
1122 4685 1156 4742 Et
1172 4685 1202 4740 in
1217 4683 1272 4742 hoc
1286 4688 1332 4741 est
1352 4684 1490 4755 charitas,
1512 4701 1569 4741 non
1586 4683 1673 4756 quasi
1700 4699 1754 4739 nos
1777 4676 1866 4736 dilexe-
1937 4721 1938 4770 p

174 4772 208 4827 nt
220 4773 297 4830 sicut
311 4772 342 4834 iu
357 4770 545 4848 septuaginta
555 4770 764 4842 interpretibus
777 4769 893 4845 legitur,
905 4789 999 4828 scara·
1054 4797 1068 4824 ιι
1085 4774 1179 4830 rimus
1195 4778 1298 4842 Deum,
1310 4774 1359 4832 scd
1370 4772 1508 4846 quoniam
1519 4771 1582 4846 ipse
1593 4772 1675 4851 prior
1687 4769 1784 4828 dilexit
1795 4781 1847 4824 uns.
1856 4784 1866 4808 u
1937 4781 1938 4848 ]

173 4857 253 4916 baeus
266 4861 413 4924 clamabat
428 4862 464 4918 de
479 4859 569 4937 liguo,
585 4859 615 4916 id
631 4864 676 4916 est
699 4859 831 4916 Christus
850 4861 885 4918 de
901 4878 997 4920 cruce.
1053 4863 1116 4921 Non
1132 4861 1218 4920 illum
1233 4860 1390 4919 dileximus
1405 4862 1498 4936 prius,
1513 4879 1582 4918 uum
1594 4861 1631 4920 ad
1648 4859 1766 4918 hoonos
1780 4854 1823 4911 ille
1835 4850 1867 4906 di·
1937 4849 1938 4902 i

172 4945 253 5007 Sicut
266 4951 344 5008 enim
359 4967 480 5029 serpens
492 4947 776 5008 illesimilitudinom
786 4948 912 5008 habebut
922 4949 997 5024 igni·
1052 4953 1123 5010 laxit
1137 4953 1228 5027 prius,
1243 4953 1276 5008 ut
1290 4950 1450 5028 diligamus
1463 4968 1543 5008 eum.
1557 4950 1658 5008 Gratia
1668 4949 1776 5024 quippe
1789 4940 1867 5000 homi·
1937 4951 1938 4988 t

173 5037 270 5092 torum
285 5041 477 5110 serpentium,
493 5040 543 5098 sed
556 5043 655 5098 umen
668 5055 685 5098 e
696 5053 805 5096 veneno
816 5039 995 5111 serpentium
1051 5059 1119 5099 nem
1135 5040 1274 5116 prevenit
1290 5045 1322 5098 ut
1337 5040 1440 5116 diligat
1455 5039 1559 5111 Deum,
1571 5040 1640 5114 quia
1651 5035 1803 5095 dilectione
1813 5043 1866 5102 ope

172 5118 368 5184 alicnnseret:
379 5128 419 5186 sic
430 5127 955 5202 DominustesusChristusspperuit
966 5129 995 5186 in
1051 5137 1132 5190 retur
1147 5131 1232 5188 bona.
1251 5129 1331 5190 Unde
1348 5128 1522 5188 Psalmista:
1540 5153 1553 5181 ιι
1571 5129 1649 5188 Deus
1661 5145 1758 5198 meus,
1772 5117 1863 5193 inquit,

172 5209 366 5274 similitudine
376 5217 473 5272 curnis
482 5218 600 5293 peccati,
615 5217 727 5276 nullam
739 5222 838 5277 tamen
849 5217 995 5278 maculam
1052 5244 1067 5274 ιι
1080 5220 1281 5278 misericordia
1307 5219 1460 5294 praeveniet
1490 5235 1536 5276 me
1566 5218 1652 5292 (erat.
1679 5205 1863 5290 nvrcrlrrrffl

146 5326 150 5334 ·
171 5297 258 5361 traxit
272 5302 392 5376 pcccati.
408 5309 513 5364 AEueus
529 5310 626 5368 sutem
642 5308 738 5367 dictus
749 5311 794 5364 ast
804 5323 995 5381 serpeuspro·
1050 5333 1064 5362 ιι
1078 5309 1160 5366 misit
1172 5307 1276 5367 Filium
1291 5325 1378 5366 suum
1394 5307 1613 5383 propitiatorem
1625 5323 1680 5382 pro
1690 5299 1862 5380 peccatisno·

170 5393 234 5464 pter
248 5389 395 5452 infinitam
412 5393 442 5455 iu
465 5393 578 5455 Christo
607 5395 809 5456 eternitatem.
826 5401 872 5457 AEs
895 5402 993 5460 autem
1049 5421 1063 5452 ιι
1080 5399 1159 5455 stris.
1176 5422 1190 5451 ιι
1207 5399 1242 5456 lit
1256 5397 1311 5455 boo
1325 5403 1370 5466 est
1384 5397 1545 5454 maximum
1563 5396 1591 5452 in
1612 5395 1700 5454 nohis
1714 5391 1811 5449 divine
1824 5381 1862 5458 pit

169 5479 303 5544 durabile
313 5485 358 5540 est
373 5479 535 5553 metellum,
550 5484 670 5543 staalda
686 5503 836 5560 sonorum,
850 5491 878 5542 et
888 5491 994 5546 nature
1047 5487 1117 5546 tetis
1134 5487 1288 5558 indicium,
1300 5487 1370 5560 quie
1386 5503 1452 5544 cum
1471 5487 1597 5552 necdum
1612 5483 1668 5558 ipsi
1685 5471 1863 5558 propeccatis

168 5571 339 5640 aternitatis
354 5589 407 5638 neo
422 5570 540 5636 isitium
554 5573 668 5654 hebuit,
683 5593 736 5637 uec
751 5577 840 5638 tinem
862 5577 991 5644 hebebit.
1047 5576 1157 5638 nostris
1167 5592 1234 5640 euru
1243 5583 1514 5654 petereuossemus,
1525 5571 1775 5636 misititteriltum
1786 5575 1861 5626 suum

1350 3311 1502 3370 HOldlLlA
1527 3311 1597 3368 CIX.

1168 3417 1306 3462 ooursrca
1331 3417 1461 3460 securas
1487 3417 1557 3458 rosr
1575 3417 1781 3458 semesos-rna.
