3988 6180
112 329 175 396 scs

579 328 780 424 querceus
800 333 938 400 sacas
961 335 1148 404 arraona.
1165 377 1201 388 -
1217 341 1293 410 urs.
1315 347 1369 410 ιι.

1771 327 1836 420 seo

112 463 231 526 obitam
246 463 312 538 ejus
327 461 406 522 venit
420 459 542 538 quidam
557 462 668 533 dicens,
684 481 716 522 se
730 465 756 522 ci
779 467 945 542 depositum
959 469 987 540 Λ
1002 469 1180 543 plantatione
1195 475 1406 550 quidem,sicnt
1418 493 1454 538 ex
1467 481 1564 542 radica
1577 499 1715 560 germen:
1731 503 1767 546 ex
1782 487 1832 547 dc·

111 553 359 624 commanerem
376 570 438 612 rem
452 557 564 628 gestam
580 553 764 630 ignoraverat
778 559 861 630 peter
872 553 947 632 :pcr-

110 643 259 717 quieitnm
272 641 306 704 iu
319 645 383 700 tota
396 642 483 701 domo
498 642 576 716 quod
598 643 784 718 poscebatur,
799 662 949 720 nusquam

110 733 269 798 inventum
284 736 339 792 eet.
355 729 533 792 Peraislehat
549 730 598 792 ille
613 732 664 808 qui
679 734 948 804 commendaverat,

110 825 143 878 st
158 821 229 885 lictu
245 825 274 882 et
295 817 434 894 herenis
458 819 643 896 perurgebat,
659 822 844 882 comminans
859 822 948 882 etiam

111 909 171 969 sibl
186 914 323 978 mortum,
335 906 393 968 nisi
408 909 574 984 depositum
590 909 900 986 reciperet.Permotus
909 911 949 970 la·

111 999 226 1074 cremia
238 999 304 1073 ejus
323 1013 423 1068 scaea,
447 997 484 1056 ad
508 998 678 1074 sepulcrum
705 1000 772 1058 lilia
800 1005 947 1078 properat,

112 1092 205 1161 alque
218 1087 302 1149 illem
317 1084 735 1146 nomineclamitstsuo.Tunc
749 1087 800 1147 illa
810 1089 950 1164 desepul·

112 1193 182 1234 cro:
196 1175 272 1242 Ouid
288 1175 421 1244 aistuli,
438 1179 530 1249 pater,
559 1175 814 1247 Commendatam,
841 1179 947 1251 inquit,

112 1265 197 1326 iltius
211 1263 262 1327 uhi
271 1261 397 1338 posuisti
406 1263 458 1322 ‘lat
472 1261 637 1334 illatorum
652 1263 810 1340 designans
821 1265 893 1324 :illic
903 1266 947 1324 in-

112 1351 389 1415 vcuiesdelcssuur.
406 1352 569 1427 Regressus
581 1351 702 1412 domum
717 1371 813 1424 suam,
830 1354 949 1430 deposi-

113 1449 194 1512 tum,
209 1441 260 1504 uhi
276 1441 337 1500 tilia
351 1441 387 1500 de
411 1441 548 1516 sepulcro
573 1443 773 1516 responderat,
787 1447 948 1518 repertum,

1002 559 1112 618 cisione
1126 569 1244 638 verant
1257 583 1292 624 er
1307 571 1389 642 patre
1404 569 1485 628 iilius
1496 587 1542 630 :ea
1554 573 1712 646 partitione
1722 579 1833 652 aulem,

1002 646 1080 708 sicud
1095 669 1129 708 ex
1144 669 1244 714 massa
1258 673 1347 716 aurea
1360 657 1463 716 annuli
1478 659 1559 718 aurci
1570 661 1628 720 duo
1644 662 1689 720 vel
1703 667 1762 720 tres
1771 665 1833 736 ;sed

1002 740 1292 802 secundumnullum
1307 745 1424 815 horum,
1435 747 1585 822 inquiunt,
1606 753 1652 808 est
1675 749 1765 810 Filius
1777 745 1834 810 uei

1002 828 1358 904 uorrsubstnntiniisl‘atri,
1369 837 1833 913 proptercaergoiniideconsub·

1002 917 1205 978 stantialitciie
1232 923 1475 982 consentiendum
1499 943 1557 984 nou
1578 930 1633 984 est.
1660 928 1720 986 iios
1745 927 1835 1004 igitur

1002 1005 1124 1066 damnat
1139 1008 1454 1087 universalissynodus
1465 1031 1533 1074 cum
1553 1015 1740 1090 imperatore,
1756 1021 1835 1076 etre-

1002 1091 1346 1171 legatoxsiliocumhrio,
1362 1103 1673 1176 etscctatcribusejus.
1690 1105 1793 1180 (Rufio.
1807 1124 1833 1172 c,

1001 1183 1030 1252 7,
1045 1185 1074 1253 8,
1089 1186 1175 1258 ejrrsd.
1192 1187 1252 1256 lit.)
1270 1189 1415 1248 Paridem
1431 1195 1548 1266 tempus
1569 1209 1640 1252 crux
1664 1193 1781 1252 Domini
1796 1195 1834 1254 ab

1003 1271 1112 1332 lielena
1125 1275 1309 1334 Constantini
1323 1283 1426 1350 metra,
1443 1279 1580 1354 religiosa
1591 1279 1710 1352 lomina,
1726 1283 1834 1358 reperi·

1002 1363 1061 1430 tur,
1079 1361 1129 1417 ubi
1148 1365 1297 1436 quondam
1313 1366 1427 1439 antiqui
1453 1372 1655 1441 persecutores
1671 1369 1700 1426 in
1713 1369 1777 1430 loco
1792 1388 1836 1428 se·

1003 1447 1098 1522 pulcri
1109 1450 1301 1510 simulacrum
1313 1453 1436 1512 Veneris
1450 1454 1675 1527 collocaverant;
1687 1459 1754 1516 atsi
1767 1459 1835 1532 quis

113 1531 208 1592 tradit
221 1531 396 1605 reposeenti.
412 1529 468 1590 Sed
484 1534 514 1588 et
527 1529 622 1593 multa
636 1531 702 1605 ejas
716 1531 883 1592 reseruntur
892 1533 950 1592 alie
1002 1536 1044 1594 ihi
1053 1538 1201 1598 Christum
1212 1539 1298 1599 vellet
1307 1543 1584 1611 adorare,Venerem
1597 1545 1695 1618 potius
1710 1548 1833 1606 adorare

114 1619 292 1696 gestabant
305 1619 477 1694 huiusmodi
492 1619 726 1678 reverendissimi
741 1621 796 1678 viri
811 1621 950 1680 sederunt
1001 1626 1158 1686 videretur.
1172 1628 1320 1688 Invenitur
1333 1635 1363 1688 et
1376 1631 1426 1690 illo
1441 1631 1546 1690 titulus
1562 1651 1579 1688 a
1594 1633 1684 1692 Pilato
1704 1634 1833 1694 consori-

114 1711 198 1786 spud
211 1709 350 1770 niceam.
376 1707 515 1782 (Harae.)
528 1707 610 1766 Unde
638 1708 840 1768 indubitanter
853 1711 949 1770 oredi-
1003 1717 1137 1788 ptus,sed
1153 1722 1183 1774 ct
1195 1717 1259 1774 alie
1273 1719 1338 1777 dua
1353 1721 1575 1780 crucesTrihus
1590 1722 1681 1797 igitur
1695 1723 1832 1782 crucibus

115 1815 199 1867 mus,
214 1797 384 1873 predictam
399 1797 508 1858 ibidem
528 1799 674 1872 synodum
689 1815 708 1855 a
721 1799 832 1874 Spiritu
847 1805 950 1860 sancto
1004 1804 1137 1876 repertis,
1148 1805 1295 1864 Macarius
1305 1809 1438 1880 ciusdem
1448 1809 1679 1886 lociepiscopus,
1691 1812 1832 1872 delixisiu

114 1885 947 1966 quadamdivinitusconsidemtionecongregetamluisse,
1003 1895 1082 1950 terra
1095 1894 1231 1967 genibus,
1243 1911 1311 1952 cum
1327 1895 1428 1970 regina
1442 1897 1534 1956 ileum
1549 1899 1721 1974 suppliciter
1730 1901 1833 1976 depre·
1943 1913 1946 1920 '

117 1984 151 2043 ut
165 1976 279 2038 scilicet
291 1975 378 2036 nobis
396 1975 618 2049 posterioribus,
629 1994 663 2036 ao
686 1977 809 2048 diurnis,
826 1978 870 2036 vel
886 1995 947 2036 mo·
1003 1983 1095 2048 catur,
1112 1986 1154 2048 ui,
1171 1999 1235 2058 qua
1250 1982 1368 2042 illarum
1380 2001 1451 2044 crux
1466 1987 1503 2042 ad
1513 1986 1697 2048 Dominioam
1707 1987 1834 2062 pariam

116 2065 230 2130 deruis.
240 2065 361 2130 daretur
375 2063 497 2138 intelligi
511 2064 631 2126 firmum
645 2082 710 2124 asse
724 2081 758 2124 ac
772 2065 948 2124 catholicum
1004 2068 1092 2128 luerit
1102 2069 1275 2129 innotescat.
1292 2073 1385 2144 Tunc,
1400 2074 1542 2132 adhibitis
1566 2074 1681 2134 duabus
1696 2077 1836 2136 semineci
1936 2093 1942 2106 ·

117 2153 264 2229 quidquid
280 2151 369 2212 ibide
390 2154 528 2226 nyssae
551 2153 617 2212 fidoi
646 2153 863 2228 promulgatum
894 2160 948 2214 est.
1003 2157 1160 2230 nequedum
1176 2164 1314 2218 matrona
1330 2161 1454 2236 corpori,
1472 2162 1836 2238 nihil-operatur,adhibel

116 2243 201 2310 Quod
211 2243 332 2316 quidem
342 2246 403 2302 tam
414 2241 513 2310 divini,
523 2247 642 2316 tumque
653 2243 823 2318 spirituales
837 2243 890 2299 viri
906 2243 948 2300 lo·
1003 2245 1163 2316 tertiumsi
1179 2265 1246 2306 mox
1261 2265 1422 2326 exsurgens
1437 2250 1834 2325 mulienmsgnifioatlleum.

117 2333 178 2390 cuti
198 2335 279 2400 suut,
295 2330 346 2404 qui
361 2347 419 2388 non
434 2335 519 2391 arant
542 2329 655 2390 similes
678 2329 762 2388 nobis
777 2331 906 2406 indignis
922 2337 952 2390 et
1005 2333 1141 2408 Percepto
1156 2336 1254 2410 itaque
1278 2338 1404 2402 evidenti
1429 2339 1547 2412 indicio,
1564 2340 1666 2416 regina
1691 2341 1836 2416 templum

116 2419 332 2495 peccatoribus,
348 2419 399 2493 qui
423 2422 542 2494 pmpler
567 2419 744 2496 injustitiam
769 2424 900 2477 nostram
919 2421 950 2476 in
1005 2422 1163 2482 mirilicum
1178 2423 1208 2482 in
1221 2441 1256 2482 cn
1269 2425 1331 2484 loco
1345 2426 1395 2484 abi
1411 2445 1528 2486 crucem
1547 2435 1704 2504 repererat,
1721 2433 1835 2490 statuit.

117 2509 279 2583 Scripturis
294 2507 405 2564 sanctis
421 2506 520 2566 lallare
535 2525 703 2584 possumus,
719 2513 748 2566 et
764 2508 836 2566 lalli.
853 2510 951 2583 Neque
1005 2510 1108 2570 Claros
1132 2530 1258 2586 quoque,
1276 2515 1384 2588 quibus
1409 2534 1516 2592 corpus
1539 2517 1726 2578 dominicum
1740 2519 1837 2578 lueret

116 2600 198 2657 enirn
214 2597 310 2672 potuit
325 2596 452 2671 Spiritus
463 2594 735 2654 sanctusiallaciarn
745 2599 884 2675 prolerre,
900 2615 953 2672 per
1006 2601 1138 2670 affixum,
1155 2607 1251 2674 portat
1265 2604 1301 2660 ad
1315 2603 1419 2661 lilium.
1436 2606 1476 2662 hir
1500 2605 1610 2679 quibus
1634 2605 1683 2666 illo
1696 2608 1793 2666 lranns
1808 2613 1837 2668 et

117 2705 194 2762 quos
209 2691 333 2744 tantast
347 2685 418 2743 talia
431 2685 607 2760 operabatur
622 2686 879 2762 miraculalgilur,
897 2687 951 2744 llo·
1006 2687 1120 2762 galeam
1134 2693 1215 2764 aptat
1229 2691 1265 2746 ad
1285 2708 1374 2748 usum
1397 2691 1477 2760 bclli,
1500 2694 1666 2767 adimplens
1689 2694 1835 2752 Zacharia

118 2780 202 2834 mino
216 2779 443 2850 cooperante,et
457 2791 622 2832 sermonem
643 2775 835 2832 conflrmante
849 2792 951 2832 eoram
1006 2776 1201 2852 prophetiam,
1226 2778 1367 2836 dicentis:
1383 2779 1419 2836 Et
1441 2780 1496 2836 crit
1521 2781 1599 2853 quod
1627 2779 1657 2838 in
1685 2781 1769 2840 beno
1790 2788 1835 2842 est

120 2865 317 2940 sequentihus
332 2861 435 2938 signis,
453 2861 572 2936 quidam
588 2861 727 2938 episcopi,
740 2865 828 2921 etiarn
844 2864 873 2921 in
889 2865 953 2939 ipsa
1007 2870 1143 2930 sanctum
1161 2867 1284 2926 llomino
1298 2868 1599 2944 omnipotentiam
1614 2869 1833 2930 vorosulutaris

119 2953 245 3030 synodo,
261 2957 290 3012 ct
300 2953 378 3010 circa
392 2953 547 3026 spmodnm,
562 2951 685 3010 virtutes
700 2952 856 3028 aliquas,et
867 2954 953 3030 signa
1007 2959 1120 3029 partem
1135 2955 1227 3030 dplort
1243 2955 1313 3027 tilio,
1329 2963 1445 3031 partem
1458 2957 1515 3016 sihi
1531 2958 1654 3033 reponit.

119 3046 265 3103 iecerunt.
282 3041 384 3117 (Rutu.
402 3041 452 3098 lit.
475 3057 504 3111 x,
519 3055 580 3115 cop.
608 3041 635 3114 3,
659 3043 727 3100 llirt.
752 3043 865 3113 limiae.)
879 3043 953 3100 Nam

119 3151 190 3192 cum
206 3133 247 3192 ihi
262 3129 454 3206 philosophus
465 3129 631 3204 quidam,ln
646 3135 708 3188 arte
722 3131 874 3190 dialectica
886 3131 955 3188 insi·

119 3219 331 3300 gnis,objectis
344 3217 557 3296 questionibus
573 3219 639 3276 lldei
656 3223 762 3278 nostra
777 3225 952 3291 occurreret,
967 3207 990 3276 C

1351 3089 1443 3130 CAPUT
1463 3090 1493 3131 Ὺ.

1046 3175 1161 3250 (Sozam.
1191 3177 1242 3234 lit.
1263 3193 1295 3244 ιι,
1317 3194 1377 3251 cop.
1405 3179 1449 3248 ts,
1474 3181 1548 3254 Trip.
1575 3182 1754 3255 diaconilia
1779 3183 1834 3241 hoc

119 3311 224 3370 neceb
240 3309 339 3384 aliquo
350 3310 451 3384 posset
465 3307 955 3382 concludi,quidamexeonlossorl·
1007 3264 1835 3434 ἓξὲξ,81ξὲΙέἱέᾒὶζρέὣχὶζὲἓέιῗῶῗῑθξῖᾞἑῑιί

118 3403 188 3470 hus,
204 3397 560 3474 simplicissimanuturae
572 3397 954 3471 uir,etnihilsliudsoiens
1009 3443 1015 3456 .
1170 3443 1176 3456 .
1439 3445 1445 3458 ,
1580 3445 1586 3460 ,

118 3489 178 3549 „531
195 3487 346 3545 christum
362 3485 483 3559 Jews
495 3489 524 3542 θ,
550 3484 629 3544 hune
651 3487 835 3558 crucifixum,
851 3486 954 3562 pum
1008 3447 1195 3516 imperatoris
1209 3447 1304 3500 mater
1319 3447 1498 3518 octogesimo
1512 3449 1605 3504 emtas
1620 3461 1681 3503 sua
1693 3464 1771 3504 anno
1786 3448 1835 3504 do-

116 3575 295 3656 phiqosopho
311 3573 466 3634 insultanti
482 3575 955 3651 oongmdstumpoeimquom
1008 3531 1258 3633 ceditmaltalilio
1269 3533 1833 3639 pietatismandatederelinqnensoun

117 3668 252 3746 plicitate
267 3664 333 3722 ildei
349 3663 489 3738 quadam,
505 3679 572 3720 eum
597 3663 739 3722 ineffabili
763 3665 869 3739 pietate
885 3683 953 3726 mox
1007 3621 1491 3769 ffiffisp⁰⁵ti⁰n⁰nffi⁵⁰ffu⁰m⁵
1504 3639 1521 3681 ³
1536 3625 1831 3726 ⁸⁰⁹⁰‘⁰‚⁰⁰¹¹³t⁸¹¹‘¹ffr

117 3758 280 3832 permutat,
296 3758 325 3812 et
339 3753 429 3810 etheit
443 3751 652 3810 Christianam.
664 3753 699 3810 lli
714 3760 784 3812 tnnc
800 3761 953 3816 ostensum
1159 3711 1295 3785 pmbufl
1304 3710 1341 3768 “b
1350 3711 1747 3785 ⁰⁸¹¹¹t⁰fp⁰¹¹⁰²¹¹³²Af¹¹¹md0
1757 3727 1833 3771 ⁰¹³¹·

117 3849 166 3902 εει
180 3843 357 3922 philosopho
371 3840 575 3918 quqmgnum
599 3841 648 3900 Dei
672 3859 731 3900 non
756 3845 785 3900 in
807 3861 953 3918 amnone,
1007 3798 1049 3855 lio
1064 3801 1298 3872 revocariluhet‚
1315 3805 1344 3858 et
1360 3801 1437 3858 mitti
1453 3801 1489 3858 ad
1518 3800 1681 3876 episcopos,
1696 3802 1748 3875 qui
1763 3805 1833 3859 luno

190 3932 196 3947 ,
428 3931 434 3944 .
468 3931 474 3944 .
1007 3888 1081 3944 sorte
1092 3887 1301 3961 Hierosolymis
1314 3889 1351 3944 nd
1365 3890 1579 3948 dedicationem
1589 3890 1722 3948 ecclesia
1734 3907 1836 3948 convo·

117 3935 171 3994 ⁸⁰⁶
189 3951 218 3991 ¹²¹
232 3933 339 3991 Vim
354 3935 499 3990 mmm·
1007 3978 1121 4044 nerant,
1137 3975 1286 4048 iidemque
1296 3975 1361 4048 ejus
1376 3977 1588 4050 probari'l'uno
1603 3977 1652 4035 ille
1663 3979 1753 4036 iidem
1764 3979 1834 4036 seri-
1859 3987 1867 4006 ·

1006 4063 1144 4138 peil,ane
1158 4063 1278 4138 quidem
1294 4079 1414 4122 sensum
1428 4071 1608 4136 nostramet
1617 4068 1705 4123 verba
1719 4071 1831 4137 nostra,

1006 4152 1279 4227 professionemque
1294 4154 1425 4210 nostram
1440 4153 1590 4210 continere
1602 4154 1759 4212 videretur.

172 4165 216 4224 Ec
230 4164 379 4242 iripnrtim
393 4091 631 4231 Ᾰιιωῗιῗζσῖζιιι
649 4165 898 4240 σοπιωπιίιιοροιὲ.

154 4290 275 4364 (Soron.
300 4288 350 4347 lit.
380 4305 401 4360 1,
434 4303 494 4364 cop.
525 4289 553 4356 l,
582 4287 654 4362 irip.
696 4287 814 4362 illator.)
839 4290 896 4348 Sed
923 4295 953 4349 ct
1346 4283 1438 4324 (ΜΤ
1456 4283 1495 4325 V¹·

115 4375 952 4451 Alexanderconstaminopolitanussiradmirande-econ·
1043 4376 1113 4450 (Soc.
1129 4376 1182 4434 lid.
1199 4391 1244 4444 ιιι,
1271 4391 1296 4434 c.
1313 4375 1357 4442 10,
1387 4376 1460 4450 Trip.
1491 4375 1572 4450 uer.)
1601 4377 1830 4450 imperatorer·

115 4466 373 4538 versationis,cum
389 4465 510 4540 quidam
525 4465 690 4542 philosophi
700 4469 952 4528 causarenlnrad-
1006 4469 1079 4536 tem,
1094 4465 1190 4524 adbuc
1205 4465 1241 4522 de
1256 4465 1323 4523 Ario
1346 4463 1470 4541 experiri
1492 4465 1603 4533 volens,
1619 4481 1687 4522 eum
1715 4467 1830 4524 revocat

115 4573 223 4614 semus
237 4556 537 4632 imperatorem,qnod
547 4571 652 4612 novam
666 4555 696 4612 in
708 4557 992 4646 republicaintrnn
1008 4557 1043 4612 ad
1059 4552 1202 4630 palatium
1214 4569 1225 4623 ·,
1238 4553 1299 4628 qui,
1315 4558 1523 4628 percunctatus
1538 4555 1573 4613 de
1587 4555 1645 4612 lide
1658 4553 1784 4619 Nicana.
1797 4553 1831 4610 n-

117 4647 241 4704 duceret
251 4639 408 4715 culturam,
424 4649 454 4701 et
468 4643 525 4718 ipsi
540 4643 709 4701 Alexandro
734 4661 880 4719 opponere
894 4647 952 4707 vel·
1008 4642 1829 4717 cicsubscribit‚otpraeslatjuramentum,quodammodo
1886 4703 1890 4712 ,
1943 4689 1950 4699 .

115 4735 179 4792 lent
194 4733 232 4791 de
245 4733 391 4807 dogmate,
406 4734 435 4790 in
451 4733 570 4792 nomina
583 4733 692 4791 Christi
708 4739 846 4808 operatur
858 4736 950 4794 virtu·
999 4733 1212 4806 jusjurandum
1227 4736 1291 4790 arte
1304 4731 1622 4805 deludensdlerturque
1633 4731 1770 4804 scriptam
1782 4747 1826 4788 se·

116 4829 190 4892 tem,
207 4822 393 4896 imperatque
405 4821 534 4880 maximio
549 4837 651 4882 sorum
666 4821 850 4897 philosopho,
867 4829 950 4882 lanta
1003 4827 1174 4881 ctamsuam
1186 4821 1326 4880 hahuisse
1336 4820 1366 4878 in
1377 4820 1639 4895 chartaquamsub
1649 4818 1695 4876 ala
1706 4818 1826 4876 serebat.

115 4911 243 4988 spiritus
257 4910 375 4986 uirium,
391 4927 430 4970 ue
443 4909 594 4984 loquatur,
609 4915 643 4968 ut
658 4928 718 4970 una
731 4928 799 4968 cam
814 4913 879 4984 ejus
889 4927 949 4972 ser·
1004 4911 1086 4969 Unde
1100 4927 1166 4969 vere
1176 4911 1277 4983 jurare
1292 4929 1323 4968 se
1338 4909 1472 4980 credidit,
1488 4910 1589 4966 dicens
1614 4925 1646 4965 se
1668 4907 1710 4964 sic
1725 4924 1828 4982 sapere

116 5017 206 5058 mone
221 5017 255 5058 os
270 4998 329 5056 illis
351 4999 469 5074 penitus
491 4998 675 5056 obstructum
701 5002 748 5056 sit.
765 5001 821 5058 Sed
832 5001 896 5073 jam
913 5004 949 5060 ad
1004 5000 1081 5057 sicut
1095 4999 1272 5073 scripsisset.
1288 4999 1416 5057 Gradena
1436 5013 1505 5072 ergo
1529 4996 1699 5070 imperator,
1715 4994 1827 5071 suscipi

115 5089 276 5146 historiam
288 5093 480 5152 revertamur.
499 5087 614 5146 Dictata
632 5087 749 5146 Nicaea
763 5089 831 5160 ilde,
846 5095 875 5148 ot
889 5095 949 5148 tarn
1003 5104 1073 5147 sum
1087 5089 1124 5146 ab
1138 5087 1310 5156 Alexandro,
1333 5085 1654 5160 Constaminopolitano
1679 5084 1828 5160 episcopo,

116 5179 153 5235 ah
170 5178 235 5256 ipso
245 5177 520 5255 imperatoreque]
529 5177 948 5254 abepiscopiscommunioatn,
1003 5180 1033 5235 in
1049 5174 1828 5249 communionemjuhet.0uomouenteadhucpropter

114 5266 274 5336 Eusebius,
290 5265 465 5328 Nicomedia
480 5265 678 5341 prosaicum
693 5267 949 5342 reliquisquataor
1003 5266 1170 5334 infamiam,
1184 5269 1214 5322 ct
1228 5263 1429 5340 suspicionem
1443 5265 1562 5322 heresis
1576 5264 1732 5334 devitante,
1741 5263 1827 5338 jubet

114 5355 277 5429 episeopis,
290 5355 389 5429 magis
401 5355 532 5412 hrsnlos
544 5354 623 5424 Ario,
639 5355 745 5413 nolunt
763 5357 948 5416 subscribere
1002 5353 1284 5426 Constaminopolim
1304 5355 1449 5428 synodum
1473 5353 1655 5429 congregari.
1670 5355 1744 5412 aste
1758 5368 1827 5412 vero

111 5444 238 5506 verbnm
253 5441 578 5512 minandalitatis,
593 5442 949 5516 reprehendentesdioen-
1001 5461 1094 5501 unam
1109 5441 1225 5500 conchii
1250 5442 1326 5499 diem
1355 5444 1562 5511 consulatum,
1576 5447 1766 5518 prosternens
1794 5458 1826 5498 ss

110 5536 220 5609 tueque
234 5531 486 5591 consubstantiale
500 5533 662 5606 essequod
677 5547 712 5590 ex
727 5531 824 5610 aliquo
838 5539 947 5605 estant
999 5532 1161 5592 Almander
1175 5531 1231 5589 sub
1247 5530 1348 5603 altare,
1363 5537 1427 5591 tota
1440 5535 1524 5592 nocte
1549 5531 1657 5590 clamat
1677 5531 1713 5588 ad
1729 5527 1826 5588 Domi·

111 5640 149 5686 ax
163 5621 332 5700 partitione,
359 5627 409 5681 aut
436 5621 594 5696 decisione,
608 5623 659 5680 aut
686 5619 885 5700 plantatione:
910 5642 945 5685 ex
999 5627 1085 5698 nam,
1098 5621 1218 5682 dbensr
1232 5621 1347 5692 ludica,
1361 5621 1493 5695 Domine,
1509 5621 1586 5682 inter
1596 5617 1711 5680 brachii
1727 5617 1822 5677 minas
