4018 6178
175 269 230 334 lod
425 273 433 290 ¹
452 265 659 334 natatoriis
683 267 952 357 ithDDllS'lll'l'.
976 265 1101 332 salso.
1125 271 1211 333 DPP.
1233 269 1334 335 PARS
1356 270 1597 336 11.-1{ot11t.

172 406 348 482 rogitatque
363 403 493 479 disponit
506 402 536 460 in
558 404 679 462 mundo.
696 402 791 476 amas
805 419 873 478 ergo
888 403 997 477 patris·
1011 401 1038 470 A
1053 402 1082 462 in
1098 403 1243 462 culturam
1259 405 1348 463 vinea
1362 405 1483 464 vocavit.
1498 405 1580 466 Unde
1594 409 1623 464 et
1637 403 1793 465 subditur:
1812 437 1815 444 v

172 499 301 560 familias
323 497 417 565 vinea,
442 497 543 552 sancta
566 499 612 551 εει
625 493 762 561 Ecclesia,
772 525 775 530 ·
785 509 847 566 que
862 493 899 550 ab
914 493 999 550 initio
1089 517 1103 546 o
1119 495 1156 572 lit
1168 512 1304 568 egressus
1325 494 1402 552 circa
1417 496 1520 554 boram
1538 496 1665 566 tertiam,
1680 497 1792 554 invenit
1805 495 1879 554 alios

172 587 277 646 mundi
289 603 382 659 usquo
396 584 431 642 ad
445 584 534 640 finem
546 581 655 650 secali,
667 587 740 653 quot
751 586 868 639 sanctos
878 582 997 656 profert,
1054 606 1069 636 «
1084 588 1194 642 stantes
1204 584 1235 641 iu
1251 585 1312 641 foro
1331 585 1451 655 otiosos,
1467 590 1496 642 et
1507 585 1565 642 illis
1577 585 1667 644 dixit:
1685 587 1725 644 lte
1739 590 1769 642 at
1782 603 1834 643 vos
1847 586 1878 643 in

173 679 258 753 quasi
276 680 318 733 tot
332 673 469 748 palmites
492 677 620 746 generat.
637 676 703 728 Hac
726 671 809 727 vinca
823 670 952 744 primum
969 672 998 728 in
1053 696 1068 723 α
1079 673 1193 732 vineam
1209 691 1316 741 meam,
1333 679 1362 732 et
1376 674 1580 746 quodjustum
1592 674 1681 730 luerit
1695 675 1770 732 dabo
1785 675 1878 732 vobis.

173 767 281 841 populo
293 765 462 824 Judoeorum
474 763 528 820 luit
538 761 679 835 plantata,
692 761 741 817 sod
753 765 819 833 post
829 760 944 818 Domini
956 761 998 816 in·
1053 784 1067 813 «
1082 761 1124 818 tlli
1139 765 1237 820 autern
1248 763 1393 820 abierunt.
1411 764 1518 820 lterum
1535 767 1634 820 autem
1645 763 1714 820 exiit
1725 763 1804 820 circa
1819 779 1881 819 sex-

173 856 373 914 caruationem
387 853 527 926 usquead
544 853 617 907 fiaes
628 855 710 906 terre
722 849 905 916 estdilatata,
922 850 999 907 sicut
1053 873 1066 900 ε
1084 857 1144 908 tam
1159 857 1188 908 et
1202 868 1310 908 nonam
1326 851 1439 921 horam,
1455 856 1484 906 ει
1494 851 1563 908 lecit
1574 851 1721 908 similiter.
1733 851 1818 910 Circa
1829 869 1881 908 ιιιι-

174 964 224 1020 per
240 941 556 1003 Psalmistumdieitur:
569 939 714 996 «Vineam
725 939 891 1013 dsAEgypto
902 944 997 996 trans·
1052 967 1067 995 a
1085 942 1228 999 decimam
1248 957 1315 996 vero
1342 939 1421 1008 exiit,
1438 943 1467 996 et
1489 941 1600 998 invenit
1621 939 1695 998 alios
1710 945 1835 1010 stantes,
1851 947 1881 997 et

173 1034 278 1100 tulisti,
306 1024 417 1105 ejecisti
441 1035 552 1104 gentes,
575 1033 603 1084 ct
618 1027 756 1100 plantasti
781 1043 856 1085 eam.
872 1028 935 1084 Dux
950 1029 996 1085 iti·
1032 1043 1066 1084 ἰι
1083 1032 1155 1088 dixit
1169 1030 1247 1086 illis:
1265 1029 1338 1096 Ouid
1355 1029 1402 1085 bic
1415 1029 1500 1086 statis
1514 1033 1577 1086 tota
1591 1029 1637 1086 die
1652 1029 1737 1086 otiosi
1747 1029 1762 1086 i
1772 1029 1882 1086 Dicunt

174 1123 252 1181 neris
273 1121 354 1178 luisti
373 1120 401 1175 in
417 1122 572 1191 conspectu
586 1117 663 1188 ejuS,
678 1121 706 1172 et
722 1115 860 1189 plantasti
885 1117 997 1174 radices
1051 1145 1066 1173 «
1082 1121 1127 1178 ei:
1144 1120 1216 1188 Quia
1240 1136 1326 1176 namo
1346 1135 1400 1174 nos
1423 1118 1569 1176 conduxit.
1595 1118 1668 1174 Dicit
1691 1118 1768 1175 illis:
1794 1123 1838 1174 Ite
1852 1122 1881 1176 ει

173 1214 247 1284 ejus,
264 1215 292 1267 ot
316 1207 446 1281 implevit
469 1211 586 1264 terram.
615 1205 736 1278 Operuit
759 1210 872 1262 montes
894 1207 998 1263 ambra
1051 1227 1133 1266 «vos
1156 1210 1185 1265 iu
1209 1209 1323 1266 vineam
1351 1223 1456 1264 msam.
1475 1230 1489 1257 u
1512 1206 1645 1264 Varietas
1659 1207 1799 1264 horarum
1814 1208 1880 1280 qui-

172 1302 247 1372 ejus,
264 1305 292 1355 et
306 1299 426 1354 arbusta
441 1298 504 1367 ojus
520 1295 622 1352 cedros
638 1293 698 1351 Dei.
715 1294 997 1367 Extenditpalmites
1050 1300 1106 1356 bus
1120 1297 1245 1372 operarii
1268 1296 1298 1352 in
1321 1297 1410 1354 vinee
1439 1294 1584 1354 culturom
1612 1295 1779 1366 mittuntur,
1799 1298 1882 1356 varia

172 1405 241 1447 suos
266 1377 419 1460 usque'ad
437 1403 515 1442 arare
531 1387 559 1441 et
575 1400 668 1456 usque
684 1383 720 1440 ad
736 1384 845 1440 llumeu
861 1386 995 1459 propagi-
1050 1387 1346 1463 siguificattempora,
1357 1384 1386 1441 iu
1398 1384 1506 1458 quibus
1518 1383 1612 1442 sancti
1625 1385 1761 1458 operarii,
1777 1386 1882 1460 utique

171 1495 223 1535 nes
240 1478 405 1550 ejasss'sal.
423 1472 997 1546 annixi»Hacestsnimillaviuea,de
1050 1476 1161 1545 fldeles,
1185 1477 1221 1532 ad
1251 1472 1433 1548 spiritualem
1449 1475 1565 1532 vineam
1589 1471 1778 1530 excolendam
1794 1473 1881 1531 missi

170 1585 229 1640 qua
244 1566 273 1622 iu
299 1563 426 1622 Canticis
449 1561 632 1620 canticorum
655 1577 723 1618 vocs
745 1561 849 1633 Spousi
866 1562 995 1619 dicitur:
1050 1569 1138 1623 suut:
1156 1565 1240 1622 blano
1254 1563 1363 1638 quippe
1379 1563 1482 1620 muudi
1499 1563 1553 1618 fuit
1568 1562 1605 1618 ab
1619 1562 1713 1619 Adam
1732 1579 1827 1636 nsque
1842 1563 1881 1620 ad

171 1681 184 1708 a
203 1661 284 1713 blane
299 1670 456 1728 surgamus
471 1651 506 1707 ad
524 1650 634 1718 vineas,
649 1649 800 1706 videamus
809 1651 835 1707 si
850 1651 948 1708 lloruit
958 1652 996 1708 vi·
1049 1657 1119 1712 Noc.
1136 1654 1276 1722 Tertiae
1297 1653 1356 1709 Noe
1371 1669 1464 1726 usque
1479 1651 1517 1708 ad
1542 1650 1701 1708 Abraham.
1718 1651 1814 1720 Sexta,
1842 1653 1880 1708 ab

169 1763 234 1812 aea,
247 1745 271 1800 si
281 1739 833 1813 tlorcslructusparturiunttdoomu).
847 1741 993 1798 »Etitemt
1011 1773 1034 1839 B
1048 1743 1196 1804 Abrabam
1209 1758 1304 1815 usqae
1320 1742 1355 1798 ad
1380 1741 1509 1814 Moysen.
1527 1739 1619 1810 Nona,
1637 1758 1655 1798 a
1669 1741 1768 1814 Moyse
1782 1757 1881 1814 usque

170 1859 184 1887 a
199 1835 292 1890 Vinea
308 1833 384 1888 lactu
398 1832 443 1886 est
457 1828 578 1902 pacifico
594 1829 623 1883 in
639 1845 673 1885 ca
683 1845 747 1902 qua
759 1829 847 1885 babet
862 1830 994 1903 populos.
1050 1833 1251 1890 adadveatum
1264 1829 1568 1898 Domini.Uadecima,
1580 1829 1748 1886 abadveutu
1759 1829 1880 1887 Domini

170 1920 304 1981 Tradidit
331 1937 394 1977 eam
410 1917 593 1985 custodibus,
610 1919 652 1974 vir
666 1918 761 1996 sulert
774 1935 827 1990 pro
849 1919 996 1976 tractibus
1050 1937 1144 1994 nsque
1159 1922 1194 1977 ad
1210 1920 1298 1976 linem
1311 1917 1420 1976 saculi.
1437 1919 1473 1976 Ut
1487 1922 1585 1976 autem
1605 1935 1640 1976 ex
1651 1917 1753 1976 multis
1768 1935 1879 1992 paucos

1822 269 1999 334 lhb'

169 2015 234 2086 ejus
249 2011 329 2068 mille
343 2013 497 2083 argenteos
511 2009 602 2076 (Cant.
617 2009 689 2075 vm).
704 2029 715 2060 ι
729 2006 770 2063 De
780 2025 839 2082 qua
849 2008 937 2065 etiam
954 2008 995 2064 vi-

170 2121 226 2161 nea
235 2118 285 2176 per
294 2099 400 2157 Isaiam
416 2097 538 2154 dicitur:
557 2117 570 2148 u
587 2095 716 2153 Cantaba
727 2095 831 2154 dilecto
846 2114 910 2154 meo
926 2115 995 2154 can·

169 2192 261 2250 ticum
278 2187 417 2264 patruelis
433 2187 489 2243 mei
505 2185 595 2242 vinee
610 2203 688 2242 sua:
704 2185 795 2242 Vinea
805 2187 881 2244 laeta
895 2192 940 2243 ast
955 2187 996 2243 di-

169 2281 243 2339 lecto
259 2295 324 2336 meo
339 2277 369 2334 in
390 2288 480 2334 cornu
504 2275 564 2331 filio
579 2272 645 2330 olei.
661 2275 769 2347 Sepivit
786 2292 861 2344 eam,
878 2279 906 2331 ει
921 2275 994 2349 lapi-

169 2371 221 2428 des
235 2368 322 2443 elegit
336 2384 371 2424 ex
385 2364 446 2434 illa,
462 2369 491 2421 et
505 2363 647 2438 plantavit
660 2381 725 2420 eam
740 2363 872 2420 eloctum.
890 2366 925 2420 at
938 2369 996 2421 tor-

169 2459 251 2517 cular
265 2455 409 2516 exstruxit
419 2454 449 2510 in
465 2453 561 2510 medio
572 2453 646 2526 ejus,
658 2457 686 2507 et
697 2453 822 2508 maceria
832 2452 994 2510 circumdo·

169 2549 212 2605 dit
235 2563 311 2603 cam.
336 2546 371 2602 at
400 2541 577 2616 exspectavit
600 2544 632 2597 ut
654 2541 761 2598 iaceret
785 2558 868 2606 uvas.
883 2542 1000 2600 etlecit·

169 2635 321 2693 labruscas
338 2634 399 2708 (lac.
408 2633 455 2702 ιν).
468 2654 482 2682 »
495 2632 563 2697 Quae
575 2633 672 2686 autem
689 2629 727 2687 sit
742 2629 906 2704 ipsavinea,
916 2631 993 2689 idem

169 2724 311 2800 propheta
325 2722 476 2780 subdendo
492 2719 685 2776 manifestans
698 2719 757 2776 ait:
777 2740 791 2771 ι(
806 2719 897 2777 Vinea
915 2719 993 2779 enim

170 2813 285 2872 Domini
298 2809 421 2870 sabaotb
437 2811 542 2867 domus
558 2807 646 2865 Israel
658 2803 712 2876 e'st,
728 2813 757 2865 et
771 2807 825 2864 viri
838 2809 915 2866 luda
929 2827 993 2884 gor·

1050 2011 1222 2076 referamus,
1238 2007 1352 2081 aliquos
1364 2008 1419 2064 snb
1434 2007 1566 2082 exemplo
1576 2023 1732 2080 ponamus.
1746 2007 1880 2082 Operarii

1049 2116 1117 2174 ergo
1127 2097 1222 2171 primo
1233 2114 1328 2166 mane,
1339 2097 1368 2153 id
1379 2095 1668 2170 estprimaboradiei
1679 2096 1797 2153 lucrant
1805 2099 1880 2155 Abel

1049 2192 1078 2246 et
1093 2187 1201 2255 Enoch,
1225 2190 1254 2242 ct
1267 2186 1364 2243 ceteri
1385 2185 1444 2254 alii,
1461 2186 1511 2258 qni
1527 2185 1557 2242 lu
1570 2184 1622 2240 illa
1642 2189 1726 2243 etate
1741 2186 1799 2243 Deo
1814 2187 1881 2261 pla-

1049 2281 1181 2334 cuerunt.
1197 2276 1296 2333 Tertia
1305 2274 1388 2342 bora,
1400 2275 1551 2348 operarias
1562 2273 1784 2345 luithbraham,
1794 2277 1882 2334 isaac

1049 2372 1078 2424 et
1090 2366 1188 2434 Jacob,
1204 2369 1233 2421 et
1247 2365 1400 2422 duodecim
1413 2359 1596 2439 patriarche.
1611 2363 1694 2420 Nona
1709 2362 1791 2434 hora,
1807 2382 1882 2438 ope-

1049 2455 1191 2512 rariorum
1208 2469 1350 2510 numsrus
1373 2469 1503 2510 crescere
1518 2452 1615 2526 coepit,
1632 2452 1750 2526 quando
1766 2453 1882 2510 missus

1048 2550 1093 2602 est
1107 2545 1221 2616 Moyses
1235 2548 1264 2599 et
1280 2544 1382 2611 Aaron,
1398 2541 1496 2612 losue,
1512 2540 1641 2610 Samuel,
1655 2541 1757 2610 David,
1773 2541 1882 2611 isaias,

1047 2633 1190 2692 ieremias
1206 2636 1235 2689 et
1249 2631 1348 2706 plures
1358 2629 1416 2688 alii.
1433 2630 1594 2688 Undecima
1603 2646 1669 2687 vero
1680 2629 1763 2700 hora,
1775 2648 1883 2704 opera-

1048 2722 1083 2780 rii
1099 2723 1134 2779 ad
1151 2721 1339 2778 excolendam
1354 2721 1480 2792 vincam,
1495 2721 1524 2776 id
1540 2723 1585 2777 cst
1604 2719 1775 2791 Ecclesiam,
1792 2721 1882 2780 missi

1048 2815 1118 2869 suut
1133 2810 1227 2868 sancti
1244 2809 1378 2884 apostoli,
1393 2809 1444 2884 qai
1460 2813 1541 2867 tanto
1556 2808 1719 2870 studiosius
1733 2813 1821 2883 ..tque
1837 2812 1883 2867 di-

169 2921 236 2960 mon
250 2898 420 2960 delectabile
435 2898 527 2968 (lbidd
542 2919 557 2950 a
575 2897 607 2953 Iu
631 2897 685 2953 hac
700 2900 797 2954 autem
812 2898 897 2954 vinea
912 2903 993 2956 tanto
1047 2899 1187 2975 ligantias
1203 2898 1279 2956 heac
1294 2898 1408 2956 uncam
1424 2898 1586 2968 coluerunt,
1598 2901 1706 2972 quauta
1718 2899 1882 2972 perfectius

169 2992 294 3066 quisque
309 2987 425 3048 fidelius
439 2986 562 3055 laborat,
579 2989 689 3058 quanto
704 2987 818 3044 firmius
829 2987 921 3044 Deum
932 3005 992 3044 cre·
1047 2989 1084 3047 ab
1095 2989 1160 3063 ipsa
1170 2987 1290 3046 varitiae
1303 2987 1439 3045 instructi
1450 2988 1578 3045 luerunt.
1591 2987 1673 3046 Unde
1686 3005 1763 3046 unus
1772 3005 1880 3046 eorum

168 3080 221 3150 dit,
237 3085 266 3138 et
280 3080 345 3152 ejus
361 3076 500 3133 mandata
510 3074 663 3133 sollicitius
674 3076 811 3144 custodit,
823 3077 994 3140 terrenade·
1047 3079 1232 3152 loquebatur,
1244 3077 1363 3135 diceas:
1380 3077 1589 3144 «Nossumus,
1601 3076 1718 3150 inques
1732 3077 1807 3134 fiaes
1823 3094 1882 3135 sae·

169 3185 269 3228 serens
284 3173 313 3225 et
333 3163 463 3224 coelestia
486 3163 639 3222 anhelans.
657 3165 691 3221 llt
705 3168 787 3221 tanto
813 3164 843 3220 in
858 3183 893 3222 ea
912 3164 990 3223 labo·
1007 3145 1028 3212 G
1048 3167 1180 3225 culorum
1196 3167 1374 3224 devenerunt
1387 3167 1410 3239 (l
1425 3169 1489 3224 Cor.
1503 3169 1541 3236 x).
1558 3188 1572 3218 »
1590 3165 1620 3223 Si
1634 3170 1733 3224 sutem
1748 3165 1824 3224 bano
1840 3168 1882 3228 si·

168 3277 237 3317 raas
249 3256 399 3315 uberiores
414 3255 529 3312 tructus
542 3253 646 3323 reddit,
664 3258 773 3326 quanto
789 3269 846 3309 non
862 3271 926 3322 sua,
943 3257 992 3312 sed
1048 3256 1245 3314 militudinem
1255 3256 1291 3312 ad
1304 3259 1462 3329 utrumque
1471 3254 1625 3330 populum,
1636 3255 1806 3312 iudeorum
1821 3258 1883 3313 sci·

169 3347 264 3404 aliena
278 3345 360 3402 lucra
374 3343 487 3416 querit.
500 3343 554 3410 Oui
570 3341 648 3399 enim
662 3358 726 3414 que
737 3358 791 3397 sua
801 3344 994 3417 saatqnaerit,
1048 3345 1152 3403 licetet
1166 3343 1309 3420 gentium,
1323 3344 1493 3412 reseramus,
1508 3344 1659 3419 operarius
1673 3343 1751 3400 bora
1762 3345 1880 3418 primas,

168 3453 226 3493 aon
242 3453 305 3508 qua
320 3433 390 3490 lesa
406 3429 524 3497 Christi,
537 3447 594 3487 non
604 3428 719 3486 laborat
731 3431 761 3486 iu
776 3429 861 3489 vinea
874 3430 993 3492 Christi.
1048 3434 1150 3502 tertia,
1169 3437 1254 3490 sextas
1274 3437 1303 3490 et
1317 3451 1411 3503 noua,
1426 3433 1594 3490 indicorum
1609 3432 1736 3507 popalus
1750 3433 1781 3490 iu
1795 3436 1880 3490 anti-

167 3524 211 3580 Ad
239 3523 315 3578 banc
344 3537 412 3595 ergo
433 3519 547 3575 vineam
578 3516 765 3575 excolendam
786 3519 995 3591 paterfamilias
1049 3523 1116 3596 quis
1141 3523 1204 3579 sais
1219 3522 1353 3596 patribus
1376 3521 1442 3594 luit,
1459 3527 1487 3579 et
1501 3521 1580 3580 velut
1592 3520 1755 3596 spiritualis
1770 3540 1831 3579 uua
1848 3524 1880 3580 ia

169 3610 263 3686 primo
274 3625 361 3666 mane
371 3607 471 3664 exilit:
486 3608 555 3680 quia
566 3607 602 3663 ab
615 3605 698 3662 initio
709 3608 893 3664 seculiDeus
904 3609 996 3666 omni·
1049 3609 1149 3668 electis
1163 3609 1226 3667 suis
1241 3611 1349 3668 lloruit.
1365 3611 1408 3668 Ad
1420 3610 1605 3668 undecimam
1616 3627 1683 3668 vero
1692 3611 1880 3686 gentilesvo·

169 3705 272 3775 potens
287 3703 404 3756 sanctos
423 3697 501 3754 uiros
517 3697 632 3753 mittere
648 3713 706 3752 non
722 3695 843 3763 destitit,
862 3698 912 3771 qui
936 3717 993 3756 uon
1049 3699 1105 3757 cati
1121 3703 1200 3770 sunt,
1218 3699 1287 3772 quio
1302 3703 1368 3774 post
1379 3699 1579 3756 ascensionem
1590 3698 1703 3758 Domini
1716 3697 1882 3772 praedican-

168 3789 265 3849 solum
280 3787 488 3846 benevivendo
510 3785 995 3866 hanccineamexcoluerunt,sod
1050 3789 1128 3846 tibus
1155 3789 1297 3861 apostolis
1325 3787 1521 3858 crediderunt,
1546 3789 1582 3845 de
1611 3787 1719 3862 quibus
1746 3787 1880 3846 dicitur:

167 3880 256 3937 etiam
272 3879 346 3934 bene
361 3875 500 3945 docendo,
518 3875 548 3930 in
563 3875 627 3948 ejus
637 3874 782 3930 culturam
793 3874 936 3948 plurimos
946 3895 994 3934 vo·
1051 3899 1064 3928 a
1081 3877 1154 3944 Quid
1172 3875 1218 3933 hic
1233 3876 1317 3934 statis
1327 3881 1389 3935 tota
1404 3879 1451 3935 die
1467 3875 1575 3934 otiosi‘l
1587 3899 1602 3929 u
1618 3880 1693 3934 Tota
1706 3877 1753 3934 die
1767 3879 1882 3953 quippe

167 3971 315 4026 caverunt.
333 3965 414 4032 Quod
426 3969 522 4020 autem
532 3964 694 4020 mercedem
707 3963 850 4036 receptari
861 3964 929 4033 sint,
943 3967 993 4039 qui
1049 3965 1135 4024 otiosi
1152 3965 1279 4034 stabant,
1295 3965 1344 4040 qui
1361 3967 1398 4023 ab
1413 3967 1478 4040 ipso
1493 3965 1596 4022 muudi
1611 3965 1771 4040 primordio
1783 3983 1882 4040 usque

167 4059 197 4115 in
212 4057 267 4114 bac
281 4055 375 4123 vinea,
400 4053 429 4110 id
446 4056 500 4120 cst,
517 4053 546 4109 ia
567 4052 694 4109 Ecclesia
709 4051 835 4110 fideliter
849 4052 994 4126 laborant,
1049 4056 1086 4112 ad
1102 4054 1217 4112 Domini
1230 4054 1471 4124 incarnationem,
1488 4072 1505 4111 a
1520 4054 1636 4112 cultura
1646 4054 1697 4111 Dei
1708 4051 1796 4112 alieni
1812 4073 1882 4130 pcr-

167 4147 374 4205 monilcstatar
388 4159 456 4200 cum
470 4143 628 4200 subditur:
1049 4143 1220 4202 manebant.
1235 4143 1339 4200 Nullus
1355 4144 1434 4200 euim
1445 4145 1482 4201 ad
1495 4160 1596 4200 eorum
1612 4143 1810 4201 eruditionem
1825 4162 1881 4217 pa·

202 4261 216 4288 «
231 4235 426 4294 conventione
443 4237 539 4290 autem
566 4231 642 4288 lacta
656 4248 723 4288 cum
739 4232 880 4304 operariis
896 4250 930 4289 ex
945 4234 994 4290 de·
1049 4231 1186 4298 triarcha,
1201 4229 1301 4290 nullus
1312 4233 1453 4307 propheta
1465 4233 1575 4290 missus
1588 4233 1693 4298 luerat,
1705 4232 1782 4289 unde
1794 4247 1882 4290 excu-

166 4351 180 4378 «ι
198 4327 280 4384 uario
295 4324 413 4391 diurno,
429 4319 510 4380 misit
537 4338 587 4378 eos
603 4321 632 4376 in
652 4320 768 4378 vincam
792 4337 887 4378 suam.
905 4344 919 4374 a
943 4323 995 4380 Per
1050 4325 1149 4378 santes
1164 4321 1284 4377 dicuat:
1303 4343 1317 4372 α
1333 4321 1405 4388 Quia
1421 4338 1507 4378 nemo
1524 4338 1576 4378 nos
1596 4321 1743 4378 conduxit.
1761 4342 1775 4370 a
1802 4321 1881 4386 Ouid

166 4413 319 4472 denarium
336 4413 387 4486 qui
417 4410 619 4468 laborantibus
638 4408 668 4466 iu
690 4409 774 4466 vinea
803 4410 992 4484 promittitur,
1049 4413 1094 4466 est
1108 4409 1325 4466 dicorczNemo
1340 4427 1393 4467 uos
1408 4410 1555 4477 conduxit,
1574 4408 1631 4466 nisi
1649 4409 1719 4482 quia
1737 4425 1824 4466 nemo
1841 4412 1880 4466 ad

164 4503 229 4559 vita
246 4507 359 4558 aeterne
376 4498 573 4558 remuneratio
598 4499 751 4572 figuratur.
769 4500 803 4554 llt
817 4502 883 4573 apte
897 4499 971 4556 satis
986 4516 992 4556 z
1010 4514 1032 4582 D
1048 4498 1197 4556 culturam
1213 4497 1375 4571 spiritualis
1390 4499 1480 4556 vinca
1496 4516 1550 4555 nos
1564 4497 1702 4556 vocavit?
1719 4502 1750 4554 lu
1766 4498 1879 4571 quibus

166 4607 234 4648 nam
250 4590 279 4644 in
296 4588 414 4644 denario
430 4588 528 4662 imago
543 4586 621 4660 regis
640 4585 823 4660 eirprimitur,
839 4587 926 4645 homo
941 4606 991 4646 au·
1047 4587 1144 4644 vorbis
1169 4605 1222 4646 nos
1248 4593 1363 4647 nostres
1383 4587 1576 4647 conscientias
1591 4604 1773 4646 coraruovero
1788 4586 1879 4644 debe·

166 4683 225 4735 tem
242 4677 277 4733 ad
294 4675 453 4750 imaginem
469 4681 498 4732 et
512 4675 736 4732 similitudinem
751 4675 802 4732 Dei
827 4677 922 4733 lactus
934 4681 991 4745 est,
1047 4693 1124 4740 mus,
1142 4681 1170 4733 et
1185 4675 1369 4736 considerare
1384 4677 1557 4753 diligentius
1573 4677 1644 4751 quid
1659 4676 1690 4732 in
1710 4678 1813 4732 nostra
1827 4692 1878 4732 ex-

165 4766 230 4839 ipso
245 4765 368 4823 Domino
380 4764 493 4822 dicento
503 4782 510 4820 ε
522 4789 536 4816 «
550 4765 704 4822 Faciamus
715 4763 864 4820 hominem
875 4765 911 4821 ad
923 4765 993 4821 ima·
1046 4765 1197 4824 cusatione
1221 4766 1250 4823 ia
1266 4767 1312 4825 die
1333 4767 1439 4840 judicii
1462 4767 1569 4824 dicturi
1589 4783 1704 4834 sumus,
1719 4765 1744 4821 si
1760 4781 1778 4820 s
1800 4765 1879 4822 bono

167 4855 263 4929 gincm
275 4859 303 4910 ct
314 4853 536 4911 similitudinem
546 4859 677 4911 nostram
689 4853 764 4926 (Gen.
774 4853 816 4926 u).
825 4876 839 4903 ι
848 4853 905 4910 Sed
917 4853 992 4910 haue
1046 4871 1132 4926 opere
1142 4859 1293 4928 torpentes
1303 4855 1411 4912 inventi
1420 4855 1574 4923 lusrimus,
1584 4855 1644 4927 qui,
1657 4871 1691 4910 ex
1701 4851 1880 4911 Christianis

167 4942 325 5014 imaginem
339 4948 410 5000 tanc
432 4942 560 5011 violavit,
576 4944 693 5016 quaudo
709 4941 846 5016 peccavit.
862 4947 991 5000 Convsn-
1046 4943 1219 5016 parentibus
1230 4945 1303 5015 nati,
1316 4949 1344 5002 et
1356 4955 1433 5018 'pene
1448 4945 1484 5000 ab
1498 4943 1572 5018 ipsis
1587 4942 1743 5000 cunabulis
1753 4942 1879 5000 verbum

166 5029 275 5088 tionem
291 5047 359 5104 ergo
371 5048 439 5087 cum
451 5031 591 5104 operariis
602 5031 814 5105 paterfamilias
823 5048 858 5088 ex
872 5032 991 5088 denario
1046 5031 1111 5088 vita
1125 5032 1302 5105 accepimus,
1320 5038 1349 5091 et
1363 5051 1431 5090 eum
1447 5033 1521 5090 lacte
1540 5033 1637 5090 caruis
1647 5031 1723 5089 laete
1744 5029 1878 5105 Scriptu-

167 5119 272 5176 diurno
287 5118 366 5187 lacit,
382 5119 453 5192 quia
466 5119 546 5176 illam
570 5120 693 5195 gloriam
709 5121 781 5178 bene
803 5120 992 5193 operantibus
1047 5137 1147 5178 rarum
1164 5121 1267 5178 nutriti
1282 5140 1397 5181 sumus.
1418 5123 1512 5179 Tanto
1527 5138 1595 5196 orgo
1611 5119 1796 5178 sollicitiores
1812 5137 1878 5178 esse

166 5207 313 5282 promittit
327 5206 543 5280 postlaborem‚
555 5225 642 5281 quam
659 5208 882 5282 primusbomo,
899 5208 923 5265 si
935 5226 992 5266 uon
1047 5209 1189 5266 debemus
1213 5210 1243 5266 in
1268 5213 1343 5269 bono
1359 5227 1456 5286 opere,
1482 5215 1592 5285 quanto
1614 5208 1714 5267 minua
1738 5208 1878 5283 ignoran-

167 5301 325 5372 pecoasset‚
343 5295 497 5352 habiturus
521 5296 616 5352 luerat
639 5297 701 5355 sine
720 5297 828 5354 labore.
844 5298 900 5354 Sed
924 5299 994 5370 quia
1047 5298 1119 5356 tiam
1147 5301 1326 5373 praetendere
1354 5301 1385 5358 in
1418 5305 1518 5358 nostra
1549 5297 1736 5358 excusatione
1767 5299 1875 5371 poteri·

168 5389 233 5460 post
249 5393 398 5457 peccatum
414 5383 724 5442 humanaconditioin
740 5387 993 5460 presentisaecalo
1048 5405 1127 5454 mus,
1152 5388 1263 5447 scilicet
1291 5391 1407 5462 qnando
1440 5387 1653 5448 inexcusabiles
1688 5386 1809 5456 erimus,
1840 5388 1876 5443 de

107 5479 109 5482 ’
168 5475 217 5532 diu
234 5489 404 5548 permanere
431 5490 489 5531 nou
513 5477 617 5547 potest,
634 5473 733 5532 electis
756 5493 808 5549 per
832 5477 993 5534 successio·
1048 5476 1197 5535 vacatione
1208 5483 1295 5552 atque
1306 5479 1356 5536 Dei
1368 5479 1533 5554 cognitione
1543 5476 1806 5551 metuentes:quia
1816 5493 1855 5532 no

170 5581 236 5625 nem
252 5561 487 5634 succedentibus,
513 5581 565 5637 por
588 5563 669 5622 varia
691 5567 822 5640 tempora
847 5566 994 5640 operarios
1049 5565 1113 5640 pari
1128 5567 1215 5625 modo
1229 5571 1425 5642 coarctantur,
1448 5569 1500 5643 qui
1515 5568 1683 5628 soieutsret
1707 5566 1878 5641 ignoranter
