3872 6168
172 301 232 362 487
457 303 660 366 HAYMONIS
684 301 957 366 aluaulrs'ra'r.
982 301 1105 366 EPlSC.
1124 303 1209 366 urle.
1235 297 1334 366 tulus
1357 304 1392 366 ll.
1413 339 1451 349 -
1469 304 1598 367 lltlhlll..
1797 315 1843 378 ιιςιι

168 433 717 494 etianiinunolucoinveniridicum:
741 434 1112 506 quiainscissuraAnos
1137 437 1302 504 credamus,
1333 441 1361 494 et
1390 437 1538 494 nrandatis
1565 439 1630 510 ejus
1660 441 1768 498 fideliter
1790 445 1843 502 oba‘

172 524 314 582 mentium
332 523 474 580 Dominus
490 527 612 590 nonest,
624 523 674 578 sed
686 523 715 578 in
730 521 847 578 illorum
861 523 999 580 cordibus
1053 524 1183 581 diamus.

170 613 293 679 habitat,
316 614 366 685 qui
382 629 455 686 puro
479 613 565 669 corde
590 611 731 668 unitatem
756 613 892 668 retinent.
917 611 998 669 Unus
1092 636 1102 662 ιι
1120 613 1227 670 Ηίεεει
1239 615 1288 687 qui
1302 614 1379 670 venit
1390 631 1441 688 per
1452 632 1557 687 squaru
1570 620 1597 672 et
1611 618 1844 690 sauguinemlesm

170 701 249 760 enim
263 701 417 767 Dominus,
433 701 576 756 unitatem
592 699 696 773 diligit.
716 701 812 756 Unum
828 718 896 774 ergo
908 701 998 758 dividi
1053 727 1067 754 α
1084 702 1228 760 Christus.
1241 727 1256 755 u
1272 705 1310 760 Ac
1326 703 1350 760 si
1366 705 1489 760 diceret:
1502 703 1553 760 llic
1563 709 1605 760 est
1614 705 1663 778 qui
1673 698 1741 762 venit
1750 709 1845 765 maledi.

171 807 229 848 non
245 793 348 863 potest,
362 788 430 861 quia
441 787 490 844 ubi
501 788 604 845 divisio
615 793 671 860 est,
687 788 820 846 Christus
834 789 999 846 inhabitare
1053 792 1180 848 ctionem
1196 796 1279 850 tarrae
1300 809 1353 848 suo
1377 792 1473 849 delere
1499 793 1670 865 baptismate
1685 794 1712 848 in
1733 795 1843 864 iordane,
1928 849 1929 866 ,

168 889 228 936 non
244 879 337 934 valet:
359 878 498 950 quoniam
513 877 576 950 ipse
590 883 644 947 est,
665 878 715 950 qui
742 877 811 934 lacit
835 875 1000 936 inhabitare
1052 882 1239 938 otmundum
1264 898 1317 938 suo
1337 888 1437 940 sancto
1462 881 1604 938 redimere
1620 881 1759 957 sanguine.
1774 885 1844 942 «Nou
1928 879 1929 920 i

170 967 325 1024 unanimes
336 968 365 1022 in
377 967 462 1022 domo
484 967 572 1028 (Paul.
589 971 685 1036 axvu).
703 967 784 1024 Unde
799 971 827 1022 ει
848 967 883 1023 de
897 965 998 1039 primi·
1053 968 1082 1024 in
1098 987 1175 1042 aqua
1185 969 1294 1042 solum,
1305 971 1354 1026 sed
1370 971 1398 1026 in
1411 987 1488 1043 aqua
1499 975 1526 1026 et
1539 971 1688 1044 sanguine.
1702 973 1845 1030 »Nouenin

169 1057 228 1114 tiva
238 1055 366 1112 Ecclesia
379 1055 499 1115 dicitur:
518 1055 737 1112 «Multitudinis
745 1056 926 1112 credentium
938 1059 999 1112 erat
1053 1057 1845 1131 solohaptismateveneratredimeremundum,sedelien

163 1162 219 1201 cor
234 1161 325 1200 unum
340 1144 349 1204 l
366 1153 415 1201 tet.
432 1145 482 1217 lv),
502 1168 515 1193 u
531 1149 560 1200 ει
576 1144 698 1218 reliquo.
1052 1145 1170 1220 propria
1185 1152 1278 1203 morte
1293 1151 1322 1203 et
1337 1148 1382 1203 sui
1398 1147 1551 1221 sanguinis
1568 1147 1713 1206 allusione.

205 1256 218 1284 a
235 1235 317 1289 Tunc
330 1249 399 1306 ergo
414 1233 543 1290 introivit
558 1233 606 1290 ille
624 1233 787 1306 discipulus
812 1234 861 1308 qui
879 1239 999 1290 venerat
1089 1258 1103 1286 u
1119 1235 1245 1308 Spiritus
1261 1240 1305 1292 εει
1319 1236 1368 1308 qui
1386 1236 1569 1305 testificatur,
1585 1238 1718 1310 quoniam
1738 1237 1845 1295 Christus

171 1323 313 1396 -primus
338 1325 373 1379 ad
404 1328 639 1379 monumentum.
658 1345 671 1373 u
700 1324 857 1396 Postquam
881 1322 998 1380 intravit
1051 1329 1097 1380 est
1110 1323 1226 1380 veritas.
1241 1347 1255 1374 »
1270 1325 1397 1399 Spiritus
1412 1325 1490 1381 enim
1507 1329 1638 1393 secretus,
1654 1343 1703 1399 per
1715 1341 1791 1399 quern
1805 1345 1845 1384 uo-

167 1413 280 1480 Petrus,
292 1411 410 1469 intravit
425 1417 453 1468 ει
467 1413 606 1481 loannes,
619 1413 670 1484 qui
683 1412 763 1484 prius
776 1418 910 1469 venerat:
928 1411 998 1486 quia
1050 1413 1134 1468 bisin
1145 1413 1292 1486 baptismo
1302 1413 1671 1472 omniumdaturremissio
1682 1421 1844 1488 peccatorum,

167 1502 244 1556 sicut
261 1501 418 1574 Apostolus
433 1502 492 1556 ait:
514 1525 527 1550 «
541 1503 614 1556 tium
631 1497 781 1573 plenitudo
805 1502 936 1574 gentium
952 1502 996 1558 in·
1051 1519 1104 1558 nos
1120 1519 1171 1574 per
1186 1503 1371 1574 adoptionem
1387 1503 1463 1559 filias
1480 1503 1528 1560 Dei
1544 1505 1633 1560 lacit:
1653 1521 1723 1577 quos
1736 1504 1790 1577 iper.
1802 1505 1845 1559 llo·

166 1591 288 1660 troierit,
305 1594 375 1646 tune
386 1590 482 1646 curnis
495 1589 581 1646 lsrael
596 1591 915 1659 salvusfiet(ltom.x1).
934 1613 948 1640 u
965 1591 997 1648 Et
1050 1590 1150 1646 minus
1165 1589 1194 1645 in
1210 1595 1303 1646 morte
1319 1590 1413 1647 crucis
1428 1595 1457 1646 et
1472 1609 1525 1646 suo
1542 1591 1684 1665 sanguine
1699 1592 1813 1655 redemit,
1825 1597 1845 1648 et

160 1679 995 1752 nonpriusquodspiritalecst,sedquodunimale,deinde
1050 1679 1240 1752 pergratiam
1256 1680 1387 1752 ejusdem
1404 1681 1498 1737 sancti
1514 1681 1652 1753 Spiritus,
1667 1697 1748 1754 quem
1762 1680 1787 1734 in
1807 1682 1846 1736 bu·

165 1770 243 1840 quod
257 1769 399 1840 spiritale.
415 1791 428 1819 a
447 1769 480 1822 Et
496 1767 566 1822 vidit
581 1771 610 1822 ει
623 1767 755 1823 credidit.
770 1791 782 1817 a
799 1768 873 1832 Quid
889 1772 993 1841 putari·
1050 1768 1158 1840 ptismo
1175 1769 1369 1841 suscepimus,
1385 1786 1457 1825 vere
1474 1769 1539 1826 lldei
1557 1769 1656 1826 lumen
1672 1774 1699 1825 et
1716 1769 1846 1842 agnitionis

165 1858 236 1912 dum
252 1861 297 1913 est
311 1856 418 1914 vidisse
434 1856 476 1912 vel
493 1855 676 1913 credidisset
695 1856 833 1930 Nunquid
846 1858 922 1930 quod
939 1857 993 1913 Do·
1048 1856 1096 1912 Dei
1121 1857 1294 1929 recepimus,
1320 1859 1398 1914 unde
1421 1856 1546 1914 salutem
1572 1858 1711 1930 consequi
1731 1859 1846 1914 dehemus

165 1946 264 2001 minus
281 1945 471 2001 resurrexerit
485 1961 501 2000 a
517 1945 664 2001 mortuis?
683 1945 755 2001 Noa.
774 1946 829 2002 Sed
845 1945 917 2001 vidit
938 1945 992 2002 lin·
1047 1949 1196 2001 aternam.

162 2033 291 2088 tesmina
316 2032 421 2104 posita,
446 2038 476 2088 ει
499 2033 622 2089 credidit
644 2033 730 2106 (sieut
750 2033 856 2090 mulier
871 2034 993 2104 dixerat)

165 2123 319 2178 Dominum
335 2123 464 2178 iuratum
480 2124 515 2179 de
532 2127 733 2179 monumento.
749 2124 822 2180 Nam
833 2123 858 2180 si
871 2124 935 2196 ejus
951 2141 993 2180 re-

164 2212 373 2267 surrectionem
398 2211 578 2276 credidisset,
602 2229 788 2286 nequequam
814 2211 992 2286 evangelista

163 2301 371 2372 subjungeret:

199 2413 212 2440 a
226 2389 359 2445 Nondum
370 2389 449 2445 enim
466 2389 596 2446 sciebant
606 2389 782 2463 Scripturas,
800 2389 871 2462 quia
881 2394 992 2463 oporte·

82 2481 85 2504 ¹
163 2502 177 2530 a
193 2479 242 2534 bat
257 2495 349 2534 eume
360 2479 483 2535 mortuis
496 2496 681 2552 resurgere.»
697 2480 729 2535 lu
740 2497 797 2551 quo
808 2478 870 2535 loeo
881 2483 990 2553 quanta

162 2567 274 2624 utilitas
290 2568 372 2624 sitin
389 2567 536 2624 intellectu
553 2567 783 2640 seripturarum,
807 2569 990 2624 demonstra·

1083 2057 1097 2085 c
1115 2035 1256 2102 Quoniam
1279 2039 1338 2090 tres
1359 2040 1429 2092 sunt
1449 2035 1499 2108 qui
1523 2036 1724 2092 testimonium
1747 2035 1808 2092 daut
1825 2033 1847 2088 in
1928 2073 1929 2076 ,

1047 2147 1061 2174 a
1078 2127 1165 2192 terra,
1181 2141 1267 2196 aqua,
1279 2128 1307 2180 et
1323 2123 1454 2199 sangnis,
1470 2129 1498 2180 ει
1512 2124 1648 2198 spiritus.
1664 2148 1678 2176 ε
1694 2124 1803 2192 Quidam
1813 2120 1847 2178 hic

1047 2217 1177 2268 sanctam
1190 2213 1360 2268 Trinitatem
1368 2210 1847 2288 mysticesignilrcatamintelligunt,

1046 2315 1109 2371 quae
1121 2299 1235 2356 Christo
1244 2299 1445 2356 testimonium
1457 2300 1618 2374 perhibuit.
1630 2301 1662 2357 la
1675 2317 1746 2373 aqua
1756 2299 1845 2355 Patren

1045 2387 1204 2460 significari
1228 2387 1405 2462 intelligunt,
1429 2391 1498 2462 quia
1519 2390 1580 2462 ipse
1597 2389 1634 2446 de
1650 2407 1679 2446 so
1694 2389 1775 2445 dicit:
1790 2412 1801 2437 a
1815 2387 1848 2442 hle

1045 2477 1263 2550 dereliquerunt
1278 2478 1386 2535 iontem
1403 2496 1491 2552 eaquae
1506 2481 1574 2534 vive
1593 2479 1658 2552 (ier.
1674 2481 1714 2552 u).
1731 2498 1744 2527 ε
1759 2478 1785 2533 ln
1799 2493 1849 2532 san·

1044 2567 1143 2640 guina,
1155 2567 1252 2640 ipsum
1265 2567 1425 2639 Christum,
1437 2568 1486 2640 qui
1498 2585 1550 2640 pro
1561 2567 1658 2624 salute
1667 2565 1764 2623 mundi
1779 2580 1849 2622 suum

161 2659 220 2725 tur,
236 2657 352 2732 quando
376 2655 499 2728 apostoli
515 2656 580 2712 ideo
596 2657 735 2713 dicuntur
751 2655 866 2713 Douriui
892 2673 988 2712 resur·

161 2747 319 2804 rectionem
334 2747 478 2820 ignorare,
496 2746 565 2818 quia
579 2745 744 2818 Scripturas
760 2746 891 2802 nondum
907 2745 990 2802 intel·

1044 2653 1218 2728 sanguinem
1234 2655 1319 2713 fudit.
1336 2655 1368 2711 ln
1380 2655 1495 2740 spiritu,
1506 2656 1646 2712 eumdem
1657 2655 1789 2729 Spiritum
1799 2669 1850 2708 sau-

1043 2749 1135 2801 etum.
1153 2745 1217 2801 llaec
1233 2747 1334 2802 saneta
1342 2745 1470 2801 Trinitas
1487 2744 1604 2802 Christo
1620 2741 1850 2802 testimoniumita
1924 2815 1925 2818 ,

159 2833 299 2908 ligabant,
313 2836 422 2892 scilicet
445 2835 515 2908 quia
530 2851 562 2890 eo
583 2834 737 2904 revolante,
754 2852 843 2908 aquo
858 2834 989 2907 procedit
1043 2834 1186 2908 perhibet,
1197 2833 1261 2906 ipso
1273 2851 1324 2906 per
1334 2832 1522 2908 Evangelium
1536 2834 1691 2906 loquente:
1707 2856 1720 2883 u
1732 2833 1783 2905 ligo
1796 2846 1849 2886 sum
1928 2885 1929 2894 ,

160 2926 256 2980 omnis
267 2925 420 2997 sapientia,
433 2940 467 2981 ea
481 2923 671 2996 spiritualiter
685 2925 816 2981 nondum
826 2922 988 2996 intelligere
1042 2923 1092 2996 qui
1101 2921 1301 2980 testimonium
1312 2921 1449 2994 perhibeo
1458 2922 1662 2995 demeips0,et
1671 2919 1847 2978 testimonium

160 3013 330 3083 didicerant,
356 3013 487 3068 nondum
511 3014 590 3070 enim
619 3014 790 3070 audierant:
817 3037 831 3064 «
849 3014 921 3080 Quia
944 3013 987 3068 sic
1042 3011 1175 3085 perhibet
1189 3011 1225 3066 de
1240 3027 1296 3077 me,
1314 3009 1362 3083 qui
1377 3009 1457 3066 misit
1473 3026 1519 3066 me
1534 3011 1631 3068 Pater.
1655 3011 1690 3067 Et
1704 3025 1766 3066 curn
1780 3023 1848 3072 rane·
1928 3079 1929 3084 .

160 3103 301 3176 scriptum
330 3107 374 3160 est
399 3103 428 3158 in
452 3100 515 3176 lege
534 3107 562 3158 ει
587 3100 709 3174 psalmis
725 3107 753 3158 ει
778 3101 928 3175 prophetis
951 3102 987 3157 de
1042 3101 1080 3156 rit
1091 3099 1264 3173 parastatae,
1280 3115 1367 3172 quem
1383 3113 1436 3172 ego
1448 3099 1562 3155 mittam
1573 3099 1660 3157 vobis
1672 3117 1689 3156 a
1703 3100 1780 3156 Patre
1789 3111 1849 3160 roeo,
1928 3147 1929 3176 3

160 3207 216 3261 me,
233 3215 246 3244 a
264 3196 329 3259 etc,
348 3191 481 3265 usquein
493 3191 695 3248 remissionem
709 3195 894 3264 peecatorum
910 3190 984 3264 (tac.
1002 3169 1023 3238 C
1041 3188 1183 3261 Spiritum
1195 3186 1851 3262 veritatis,illetestimoniumporhibebitdeme
1928 3235 1929 3266 3

158 3282 245 3352 xxiv).
268 3279 319 3336 Sin
342 3287 439 3336 autem
463 3279 586 3352 apostoli
613 3281 676 3335 ideo
692 3297 749 3336 non
769 3281 926 3336 credebant
941 3295 985 3334 re·
1040 3281 1135 3348 (Joau.
1151 3293 1212 3343 vm,
1224 3276 1295 3334 xvi.»
1309 3299 1323 3326 «
1334 3277 1369 3332 llt
1383 3275 1412 3331 bi
1423 3280 1482 3332 tres
1494 3294 1586 3332 unum
1600 3282 1684 3344 sunt,
1697 3299 1711 3326 u
1726 3275 1753 3330 id
1763 3273 1850 3330 estPa·
1928 3323 1929 3355 ἶ

159 3370 320 3426 surrexisse
335 3370 502 3435 Dominum,
515 3368 651 3442 quianon
664 3369 794 3424 sciebant
809 3369 986 3439 Scripturas,
1041 3373 1085 3422 ter
1099 3369 1127 3422 et
1142 3363 1232 3420 Filius
1248 3369 1276 3420 et
1299 3363 1425 3438 Spiritus
1448 3369 1578 3421 sanctus.
1594 3363 1695 3420 Unum
1712 3364 1741 3419 in
1755 3366 1851 3424 natura,
1928 3415 1929 3446 3

159 3463 253 3514 cesset
269 3473 369 3513 eorum
382 3455 530 3514 deauratis
540 3459 590 3530 qui
603 3457 740 3530 praeclara
754 3457 918 3513 discernere
934 3473 985 3511 no·
1041 3471 1134 3511 unum
1151 3453 1180 3508 iu
1192 3453 1291 3509 divina
1302 3451 1478 3516 substantia,
1494 3451 1660 3526 coaequales
1676 3453 1705 3510 in
1723 3449 1850 3512 omnibus,
1928 3527 1929 3534 .

104 3599 115 3623 ⁰
159 3545 234 3612 lunt,
250 3550 279 3601 et
293 3544 366 3601 alios
376 3545 541 3602 discernere
553 3547 681 3602 volentes
696 3545 923 3617 reprehendunt,
939 3561 985 3601 so·
1041 3550 1070 3600 et
1079 3541 1264 3600 coeternales
1273 3559 1325 3614 per
1333 3541 1442 3610 omnia,
1452 3541 1482 3598 in
1494 3541 1574 3598 nullo
1585 3541 1758 3599 dissimiles.
1769 3537 1797 3594 ln
1806 3535 1852 3590 ista

158 3633 280 3706 lamque
290 3633 319 3688 in
329 3631 393 3690 aliis
402 3633 541 3700 invident,
550 3635 625 3706 quod
638 3637 687 3690 aut
698 3649 783 3707 agere
794 3651 851 3690 non
862 3637 987 3705 possunt
1041 3631 1192 3689 Trinitatis
1202 3629 1448 3688 substantianihil
1457 3634 1502 3686 est
1511 3635 1657 3700 creatum,
1669 3625 1853 3704 quianihilest

159 3727 210 3778 eut
228 3722 341 3778 nolunt.

434 3811 585 3868 HOhllLlA
608 3812 710 3868 LXXX.

383 3902 420 3957 ln
447 3917 580 3958 ocrava
607 3917 762 3958 raecum.

1040 3722 1228 3778 inchoatum:
1256 3735 1308 3776 nec
1331 3718 1441 3792 aliquid
1458 3719 1496 3775 ibi
1513 3719 1653 3792 superius
1677 3714 1852 3792 cognoscitur,
1928 3703 1929 3770 s

1042 3812 1111 3886 quia
1126 3809 1199 3866 nihil
1214 3801 1346 3866 ant‘erius
1370 3812 1421 3863 aut
1445 3807 1590 3881 posterius
1606 3807 1762 3865 invenitur.
1787 3805 1814 3860 ln
1827 3817 1852 3854 ιο

1040 3902 1118 3973 quod
1139 3899 1268 3955 Trinitas
1283 3901 1337 3968 est,
1352 3913 1444 3954 unum
1460 3902 1515 3966 est,
1531 3904 1676 3954 aeternum
1692 3901 1745 3963 cst,
1767 3904 1852 3948 verum

195 3991 217 4059 (l
232 3991 316 4047 loru.
331 3994 373 4060 v.)
395 4013 409 4042 u
426 3991 608 4060 Charissimi,
626 3991 717 4048 Omne
732 3989 809 4063 quod
826 3993 928 4046 natum
941 3994 986 4046 est
1040 3994 1094 4046 est.
1120 3991 1185 4046 llaec
1199 3991 1243 4043 est
1265 4003 1323 4042 una
1339 3987 1420 4052 tides,
1441 3985 1511 4059 quia
1527 3986 1586 4042 hac
1603 3993 1650 4043 εει
1665 4003 1732 4042 vers
1747 3981 1854 4046 adeso

160 4103 174 4131 «
191 4097 225 4136 ex
239 4081 308 4147 Deo,
328 4080 418 4136 vincit
430 4079 574 4136 mundum
588 4097 593 4136 :
608 4085 635 4136 et
648 4079 709 4136 hec
723 4083 767 4136 εει
787 4077 907 4135 victoria
922 4097 985 4152 que
1039 4079 1105 4136 ideo
1120 4078 1180 4133 haec
1195 4081 1240 4133 est
1254 4073 1397 4132 calholica
1412 4075 1494 4143 fides,
1512 4074 1600 4131 unias
1615 4072 1787 4131 substantie
1798 4083 1852 4126 sau·
1928 4145 1929 4150 .

159 4192 174 4222 ι(
190 4170 279 4226 vincit
294 4171 449 4236 mundum,
467 4171 538 4226 fides
551 4173 660 4226 nostra.
677 4169 747 4234 Quis
762 4172 805 4224 est
820 4173 918 4224 autem
934 4167 984 4240 qui
1040 4171 1118 4225 ctam
1142 4166 1259 4223 eredere
1288 4164 1471 4234 Trinitatem,
1500 4168 1529 4220 et
1544 4163 1573 4219 in
1602 4164 1655 4220 Dei
1684 4162 1754 4220 Filio
1773 4153 1854 4216 carnis
1928 4163 1929 4242 3

161 4281 171 4310 a
189 4258 279 4316 vincit
287 4259 442 4326 hruodum,
452 4258 507 4314 nisi
519 4259 569 4331 qui
580 4259 671 4315 credit
681 4258 819 4332 quoniam
829 4255 915 4314 iesus
924 4261 986 4312 erat
1040 4255 1144 4314 anime
1156 4259 1261 4311 nostrae
1272 4251 1437 4309 naturalem
1448 4267 1623 4326 cognoscere
1634 4253 1793 4309 veritatem.
1807 4246 1854 4301 lsts
1928 4277 1929 4286 .

159 4371 173 4400 «
187 4348 320 4406 Christus
328 4344 986 4421 FiliusDei‘l»EtreliquartudistisinEpistola
1040 4347 1097 4402 lide
1108 4344 1318 4418 justificamur,
1334 4341 1388 4398 hac
1404 4341 1460 4397 lide
1476 4341 1666 4398 mundamur.
1679 4329 1856 4396 lstahdesal·

158 4455 225 4495 oum
236 4439 389 4511 legeretur,
407 4438 511 4494 fratres
522 4436 698 4505 charissimi,
714 4436 856 4492 loannem
870 4439 984 4508 aposto·
1039 4452 1153 4503 vamur,
1176 4433 1205 4490 in
1222 4432 1276 4488 hac
1292 4431 1347 4487 fide
1362 4429 1552 4501 credidimus,
1573 4429 1643 4502 quia
1659 4428 1745 4485 uobis
1767 4417 1854 4480 tribuit

158 4526 219 4582 lurn
231 4544 284 4583 nos
295 4527 486 4584 instruentem
499 4533 586 4599 atque
597 4525 741 4582 dicentem
752 4541 758 4579 :
770 4546 784 4576 ε
800 4524 892 4581 Omne
907 4523 984 4596 quod
1002 4541 1024 4608 D
1039 4522 1241 4580 remissionem
1258 4521 1390 4576 omnium
1408 4523 1603 4592 peccatorum.
1625 4519 1670 4575 Sit
1685 4533 1753 4591 ergo
1767 4511 1855 4572 certis·

158 4621 261 4672 natum
275 4621 319 4672 εει
338 4632 372 4672 ex
391 4616 458 4682 Deo,
472 4638 485 4665 u
502 4616 529 4670 id
547 4619 591 4672 est
610 4631 702 4688 genus
717 4613 870 4686 spirituale
885 4617 913 4670 et
928 4614 985 4670 Deo
1040 4614 1115 4669 sima
1127 4627 1192 4684 spes
1208 4609 1346 4665 omnibus
1357 4609 1452 4675 nobis,
1463 4609 1610 4682 quievere
1620 4604 1854 4664 resurrectiocar-

157 4704 295 4771 servieus,
312 4727 326 4754 «
342 4703 432 4760 vincit
446 4704 601 4774 mundum,
619 4703 677 4758 »id
695 4707 739 4758 est
753 4701 856 4757 mundi
871 4708 985 4759 anruto-
1040 4700 1097 4767 nis,
1112 4717 1176 4773 quea
1193 4698 1343 4772 precessit
1368 4697 1397 4752 in
1413 4697 1538 4767 Christo,
1562 4701 1705 4770 sequ-etur
1728 4696 1756 4750 ia
1771 4689 1854 4748 uobis.

157 4793 267 4862 res,rel
283 4809 370 4867 opera
386 4793 475 4849 vincit
491 4790 715 4858 incredulitatis,
732 4795 761 4846 et
775 4791 985 4864 eoncupiscen-
1039 4791 1111 4847 Caro
1127 4789 1184 4845 ista
1203 4787 1334 4844 omniurn
1350 4785 1504 4843 hominum
1521 4785 1707 4842 mortuorum
1723 4783 1781 4840 siue
1795 4777 1855 4834 lide·

157 4970 317 5026 servatione
342 4971 547 5027 mandatorum
562 4968 680 5026 Christi.
696 4992 710 5019 u
727 4969 762 5024 Et
792 4967 853 5023 hac
878 4971 923 5024 εει
942 4968 984 5024 ui-
1040 4967 1170 5023 lidelium
1196 4966 1327 5036 resurget
1351 4964 1387 5019 ad
1411 4963 1544 5036 gloriam,
1562 4979 1627 5019 caro
1640 4959 1803 5017 infidelium
1817 4967 1855 5008 re-

157 5056 248 5112 ctoria
258 5075 322 5130 que
333 5059 421 5114 vincit
433 5060 588 5127 mundum,
601 5059 674 5115 tides
685 5061 794 5114 nostra.
813 5080 828 5108 a
845 5059 919 5130 Ergo
935 5059 983 5113 hr-

157 5161 206 5199 ma
221 5145 277 5201 ilde
293 5147 322 5200 in
347 5145 461 5203 Christo
486 5148 631 5204 vincimus
656 5146 811 5216 muudum,
837 5151 866 5202 ει
886 5145 985 5202 omnia

157 5237 271 5288 terrena
295 5233 450 5302 desideria,
479 5251 654 5308 omnemque
682 5233 831 5292 terrenum
855 5251 984 5292 amorem

157 5325 244 5393 atque
259 5325 421 5394 peccatum,
439 5339 552 5380 necnon
563 5329 591 5380 et
606 5323 765 5390 diabolum,
782 5324 832 5396 qui
849 5323 984 5396 princeps

156 5414 202 5466 est
220 5414 248 5466 et
271 5406 404 5468 inventor
419 5412 537 5484 peccati.
556 5431 569 5462 a
586 5410 656 5475 Quis
672 5413 778 5484 estqui
794 5411 883 5468 vincit
898 5429 984 5468 mun·

156 5499 298 5569 dum,nisi
309 5497 360 5574 qui
373 5498 464 5558 credit
475 5501 620 5574 quomodo
631 5499 717 5558 iesus
728 5504 772 5556 est
783 5499 874 5558 Filius
883 5499 933 5558 Dei
944 5499 982 5557 tu

156 5589 392 5664 eandmundus,
418 5590 448 5652 id
464 5594 508 5650 est
522 5593 636 5648 amator
658 5587 771 5658 mundi,
798 5605 855 5646 non
881 5589 982 5661 eredit,

1041 5145 1162 5218 poribus
1186 5158 1302 5214 semper
1316 5141 1502 5197 latabantur.
1517 5138 1630 5196 Animae
1653 5151 1772 5210 quoque
1799 5129 1855 5185 iuti·

1039 5322 1081 5379 sic
1097 5319 1240 5393 quidquid
1256 5319 1295 5374 ihi
1311 5317 1417 5374 animae
1432 5317 1461 5373 iu
1477 5333 1565 5373 carne
1575 5314 1791 5386 suareeipieut,
1806 5319 1855 5367 11⁰ss

1039 5409 1184 5475 amittent,
1196 5409 1312 5480 quando
1323 5422 1376 5462 nec
1385 5405 1469 5462 bonis
1481 5404 1588 5478 poterit
1598 5401 1704 5460 aulerri
1714 5395 1857 5474 gaudium,

1038 5515 1091 5557 nec
1105 5495 1191 5554 malis
1206 5511 1336 5569 unquam
1348 5494 1453 5568 poterit
1463 5491 1604 5551 removeri
1614 5488 1803 5574 supplicium.
1813 5485 1858 5538 Aa·

1038 5587 1164 5664 cipimus
1185 5587 1283 5661 itaque
1297 5582 1386 5642 vitam
1401 5587 1540 5642 eternam
1555 5597 1607 5660 per
1620 5581 1754 5639 sanctem
1768 5570 1856 5632 llecla·

1039 5059 1141 5130 surget
1162 5054 1198 5109 ad
1226 5067 1353 5126 poenam.
1383 5051 1493 5107 Anima
1523 5050 1623 5107 lldeles
1641 5045 1854 5106 oumsuiscur·
1928 5067 1929 5118 3

157 4881 227 4936 tiam
245 4878 986 4951 mundi,vclomnemidolorumculturom,inob
1040 4874 1410 4950 lium,siveial1delium,
1441 4869 1855 4947 resurgatinllne:sedcam
1928 4889 1929 4940 ι

1038 5231 1118 5290 deles
1134 5247 1200 5288 cum
1215 5231 1278 5286 suis
1288 5230 1458 5302 corporibus
1470 5245 1585 5302 semper
1595 5226 1855 5299 torquebuntur,ac
1928 5249 1929 5256 .
