3950 6174
197 270 254 332 iili
479 266 685 331 etthonis
707 263 975 327 llthllliS'l'h'l'.
999 262 1123 326 salse.
1146 263 1234 326 OPP.
1257 263 1357 330 PARS
1377 264 1415 327 ll.
1429 297 1470 311 ·-
1483 263 1614 328 llOldlh.
1807 273 1853 336 aa
1935 352 1938 373 Ι

198 425 212 452 «
230 419 264 458 ox
277 401 358 456 totns
375 401 473 470 tisino,
490 401 540 472 qui
555 391 775 456 habctcnnlnm
791 413 868 460 oves,
879 395 940 452 etsi
958 411 1022 468 per·
1037 399 1064 464 Α
1079 399 1102 466 (l
1120 403 1192 454 Patr.
1205 397 1245 470 n).
1256 421 1268 450 n
1282 397 1346 454 Sive
1362 397 1531 470 impositam
1546 398 1574 454 ia
1587 398 1708 456 humeris
1721 402 1751 456 nd
1762 417 1854 474 gregem

198 513 211 542 a
225 489 331 548 diderit
344 507 432 546 onam
443 507 477 546 ex
487 489 664 556 illis,nonne
676 487 799 544 dimittit
809 484 967 558 nonaginta
977 502 1025 540 no·
1079 489 1246 559 reportavit,
1267 488 1383 560 quando
1399 505 1454 545 nos
1468 489 1506 546 ud
1520 504 1600 548 suam
1616 488 1812 546 similitudinem
1824 511 1858 551 re·

198 601 210 630 a
229 595 292 636 vom
310 581 340 635 in
355 579 481 646 deserto,
505 582 535 634 et
549 577 628 635 vadit
651 577 688 633 ad
712 574 793 632 illam
808 591 872 648 qua
888 573 1022 646 perierat,
1079 575 1224 632 formavit.
1242 577 1299 633 ltoc
1314 580 1359 632 est
1372 592 1442 650 ergo
1457 593 1541 634 ovem
1562 577 1700 636 iuventam
1714 578 1741 634 in
1754 578 1859 636 humeris
1939 645 1940 652 ἶ

198 690 212 718 κ
229 667 321 724 donee
335 667 464 724 inveniat
478 665 582 724 illam‘l
593 685 607 716 n
618 667 659 721 Ao
668 665 693 721 si
705 664 828 721 diceret:
841 661 871 719 Si
881 680 932 720 vos
941 677 1024 719 ovem
1078 663 1240 738 imponere,
1257 664 1433 738 quodjuris
1454 665 1542 722 aliam
1564 665 1721 738 parabolam
1740 667 1860 724 bominem
1939 653 1940 664 ¹

198 757 342 830 perditam
357 755 455 812 studio
470 759 551 812 tanto
567 760 595 810 et
608 753 708 810 labore
723 750 884 825 inquiritis,
899 769 956 808 non
967 751 1022 819 ovi,
1079 770 1095 810 a
1112 751 1276 810 latronibus
1291 753 1476 811 vulneratum
1492 741 1638 827 imponere
1650 754 1678 810 in
1688 756 1861 826 jumentumet

197 845 248 900 sed
264 848 364 900 vestra
380 841 506 899 avaritie
521 840 718 910 consulentes,
735 845 846 913 quanto
861 838 955 913 magis
970 855 1023 914 ego
1078 841 1185 898 ducere
1199 840 1229 897 in
1246 841 1406 899 stabulum.

197 923 347 989 bominem
363 932 454 988 debeo
470 931 506 986 ad
522 931 681 1004 imaginem
696 929 746 986 Dei
758 932 867 1005 laetum
882 945 1022 1001 querere,
1074 933 1077 940 ’
1114 931 1864 1004 «mveniensdomum.»oomus,adquamnrnu

196 1025 224 1078 et
241 1020 447 1094 deperditione
457 1019 687 1087 liberarelQuia
697 1037 755 1076 uon
766 1018 830 1074 veni
844 1033 1024 1089 quemquam
1078 1019 1139 1075 ovis
1155 1025 1328 1092 reportatur,
1346 1018 1470 1076 coelestis
1495 1022 1539 1077 est
1561 1021 1662 1095 pat-ria,
1677 1021 1711 1076 ad
1734 1037 1808 1092 quam
1825 1021 1863 1080 ills

195 1110 326 1183 perdere,
343 1110 394 1166 sed
410 1126 512 1165 omnes
536 1108 648 1164 salvare
673 1107 748 1176 (Luc.
773 1107 822 1177 nr).
848 1105 1024 1178 Spiritaliter
1078 1106 1287 1180 spiritalisovis
1298 1109 1337 1181 pii
1349 1107 1473 1181 pastoris
1481 1107 1616 1166 humeris
1626 1124 1656 1164 se
1665 1109 1790 1182 reportari
1801 1115 1862 1175 opta·

195 1197 283 1254 bomo
298 1199 362 1266 iste,
378 1197 426 1255 ills
441 1202 485 1254 est
499 1197 535 1254 de
550 1215 607 1270 quo
623 1195 767 1270 propheta
781 1196 838 1252 ait:
857 1219 870 1246 a
889 1195 961 1252 Ecce
976 1210 1023 1250 ve·
1077 1196 1137 1263 bat,
1154 1213 1222 1252 oum
1238 1196 1353 1253 dieebat
1369 1214 1375 1254 :
1393 1220 1407 1248 «
1433 1197 1526 1253 Unam
1552 1195 1620 1269 petii
1636 1193 1785 1265 aDomino,
1807 1197 1863 1254 hanc

195 1286 341 1343 nietDeus
351 1287 474 1342 ethome
485 1285 521 1342 de
531 1285 617 1341 domo
628 1283 730 1355 David,
738 1307 752 1334 »
761 1281 1023 1340 scilicetDominus
1078 1285 1238 1358 requiram,
1254 1290 1286 1341 ut
1309 1285 1471 1342 inhabitem
1486 1287 1516 1342 in
1532 1287 1619 1341 domo
1633 1284 1742 1341 Domini
1757 1287 1864 1345 omnihus

195 1377 279 1432 lesus
295 1375 438 1440 Christus,
450 1376 500 1446 qui
512 1373 615 1430 babuit
624 1377 743 1430 centum
757 1389 834 1440 oves,
846 1373 963 1444 quando
974 1388 1024 1426 an·
1077 1373 1181 1430 diebus
1196 1374 1261 1429 vita
1276 1390 1357 1442 mee,
1370 1378 1403 1430 ut
1416 1375 1530 1430 videam
1546 1373 1719 1430 voluntatem
1734 1373 1864 1439 Dominiet

194 1464 318 1539 geticum
333 1470 361 1521 et
376 1464 535 1519 humanam
562 1467 697 1518 naturam
722 1462 880 1533 perlectam
904 1459 1021 1516 creavit.
1076 1462 1193 1518 visitem
1218 1463 1362 1535 templum
1387 1466 1452 1537 ejus
1476 1456 1864 1536 (erot.xxv1).»ttturun:

194 1554 384 1610 centenarius
393 1553 471 1608 enim
482 1568 622 1611 uurncrus
631 1550 777 1624 perlectus
788 1553 873 1617 estet
884 1549 946 1622 ipse
959 1565 1024 1604 cen·
1065 1575 1091 1608 ,a
1109 1551 1207 1606 Erravi
1219 1550 1294 1606 sicut
1304 1552 1364 1608 ovis
1374 1567 1440 1624 qum
1451 1552 1547 1625 periit,
1557 1550 1669 1624 requiro
1680 1565 1784 1609 servum
1792 1555 1864 1616 tuum,

193 1649 256 1698 tom
272 1659 340 1699 oves
355 1641 467 1710 hebuit,
485 1640 602 1714 quando
617 1641 653 1696 ad
678 1639 867 1696 obtinendam
884 1643 1022 1694 aternam
1076 1637 1199 1695 Domine
1214 1640 1299 1710 (Psoi.
1315 1643 1423 1710 nxv111).
1441 1662 1455 1692 n
1474 1645 1595 1696 inventa
1617 1655 1684 1714 ergo
1704 1655 1761 1704 ove,
1773 1640 1803 1694 ad
1824 1639 1864 1694 Do·

193 1731 400 1808 perfectionem
416 1730 587 1804 angelorum
598 1732 626 1784 et
636 1727 791 1784 hominum
804 1731 940 1784 naturam
953 1742 1021 1782 con·
1036 1766 1060 1842 B
1077 1725 1191 1782 minum
1207 1729 1371 1797 revertitur,
1387 1729 1457 1802 quia
1481 1732 1548 1802 post
1574 1727 1721 1784 liberatam
1736 1727 1864 1782 humanam

194 1821 278 1876 didit.
291 1819 355 1876 Una
364 1818 443 1874 enim
454 1817 515 1877 ovis
525 1822 595 1872 tuno
607 1817 703 1889 periit,
716 1817 833 1890 quando
844 1816 959 1888 primus
969 1813 1021 1870 bo·
1076 1820 1223 1882 naturam,
1233 1821 1299 1888 post
1310 1817 1494 1891 triumphum
1509 1833 1569 1872 sue
1585 1815 1733 1889 passionis,
1743 1813 1864 1870 adactum

194 1925 242 1964 mo
253 1907 390 1980 peccavit.
400 1905 456 1962 Sed
467 1905 617 1976 itteeujus
630 1903 829 1962 misericordia
839 1909 883 1960 est
893 1905 929 1962 ab
939 1908 1022 1959 aeter-
1076 1903 1161 1960 rediit
1176 1921 1228 1977 per
1241 1904 1364 1978 gloriam
1378 1905 1569 1962 ascensionis.
1580 1904 1787 1970 Quantaautem
1796 1903 1866 1976 gloria

193 2013 230 2053 no
246 2001 275 2050 et
290 1995 424 2068 usquein
434 1998 574 2050 aternum
587 2011 675 2066 super
685 1993 822 2050 timentes
833 2010 911 2060 eum,
920 1991 1021 2052 notens
1076 1991 1111 2048 de
1125 1993 1255 2050 hominis
1270 1992 1441 2052 liberatione
1452 1993 1565 2070 angelis
1576 1994 1605 2049 in
1619 1993 1695 2050 coelis
1704 1997 1762 2050 orta
1772 1992 1866 2062 sitne·

193 2084 355 2140 humanam
373 2085 507 2138 naturam
524 2085 663 2156 perpetuo
679 2081 783 2154 perire,
804 2080 914 2138 relictis
930 2097 1020 2137 nona·
1075 2082 1232 2140 nilestatur
1246 2098 1313 2138 cum
1330 2082 1489 2140 subditur:

193 2171 276 2244 ginta
288 2187 390 2227 novem
406 2169 509 2226 ovibus
524 2168 555 2225 in
570 2169 698 2236 deserto,
710 2168 782 2224 abiit
796 2167 876 2224 illam
892 2183 1021 2241 quaerere
1111 2193 1126 2222 a
1142 2170 1232 2227 Vocat
1247 2171 1357 2228 amicos
1367 2171 1527 2240 etvvieinos,
1539 2171 1643 2228 dicens
1654 2169 1712 2226 iltis
1723 2171 1868 2242 :Congrutu-
1940 2205 1941 2232 ,

193 2277 256 2334 qua
272 2256 1021 2332 perierat.Desertumhiceoetumintslligitur.Qoia
1076 2283 1089 2312 a
1106 2258 1208 2316 lamini
1224 2260 1307 2328 mibi,
1325 2259 1395 2335 quia
1411 2259 1505 2319 inveni
1521 2277 1608 2316 ovem
1623 2275 1715 2316 meam
1729 2275 1786 2330 qus·
1799 2257 1868 2330 perte·
1940 2317 1941 2320 Ἴ

193 2349 271 2406 enim
288 2348 438 2404 desertum
453 2345 561 2401 dicitur
576 2344 747 2400 derelictum
763 2351 838 2401 recte
854 2345 882 2400 in
894 2343 1020 2401 hocloco
1076 2369 1090 2400 «
1107 2353 1161 2404 rat.
1178 2369 1192 2399 »
1207 2349 1301 2405 Amici
1315 2355 1344 2406 et
1365 2349 1453 2406 vicini
1478 2347 1654 2422 angelornm
1678 2347 1788 2422 spiritns
1808 2349 1866 2411 sunt,
1940 2389 1941 2394 χ

193 2437 298 2494 coelum
314 2437 461 2493 desertum
477 2441 607 2503 vocatur,
633 2433 703 2504 quia
716 2433 830 2506 primus
849 2431 937 2489 bomo
952 2449 1020 2506 pec·
1074 2437 1125 2509 qni
1139 2437 1226 2492 amici
1242 2440 1319 2494 reete
1333 2441 1483 2508 vocantur,
1496 2438 1566 2510 quia
1577 2439 1616 2494 ab
1628 2439 1690 2509 ejus
1700 2435 1868 2494 veritatenun·

193 2526 286 2584 cando
302 2523 375 2581 illud
390 2523 528 2580 deseruit.
543 2513 624 2588 Duo'd
651 2521 835 2580 manifestius
855 2522 1020 2594 significare
1073 2543 1163 2598 qnam
1178 2525 1357 2583 discordant.
1372 2526 1477 2596 Vicini,
1499 2527 1569 2600 quia
1594 2527 1735 2583 visionem
1754 2522 1867 2579 claritatis

192 2614 293 2672 volens
319 2613 394 2670 alius
416 2612 594 2686 evangelista
608 2629 661 2684 pro
677 2613 801 2680 deserto,
824 2611 854 2667 in
870 2611 1020 2668 nrontibus
1074 2614 1153 2670 illius
1169 2632 1184 2670 e
1199 2613 1329 2688 proximo
1354 2613 1604 2687 contemplantur.
1621 2615 1777 2672 Notandum
1791 2617 1865 2668 nutem

184 2704 342 2778 possiunt
356 2699 513 2776 intelligas,
522 2699 552 2756 in
568 2697 699 2757 excelsis.
712 2699 840 2773 Reliquit
850 2717 917 2773 crgo
929 2716 1019 2755 nona·
1073 2703 1151 2776 qnod
1163 2721 1220 2760 non
1234 2703 1284 2772 ait,
1295 2702 1538 2776 congratulamini
1549 2703 1675 2762 inventa
1685 2702 1738 2774 ovi,
1749 2701 1793 2760 sed
1803 2699 1865 2762 mihi,

193 2793 274 2866 mnia
289 2807 391 2849 novem
407 2790 437 2848 in
453 2792 579 2855 deserto,
588 2789 707 2862 quando
720 2777 785 2846 illos
798 2787 945 2862 angelicos
960 2790 1019 2862 spi·
1073 2791 1230 2848 ostendens
1241 2791 1309 2864 quia
1320 2794 1421 2849 nostra
1431 2792 1512 2848 salus
1524 2790 1608 2848 itlius
1619 2797 1663 2864 est
1671 2789 1865 2865 gaudiumliia·
1940 2825 1941 2856 1

193 2883 267 2938 ritus
281 2881 312 2937 in
327 2879 399 2938 eoelo
423 2877 602 2951 relinquens,
630 2881 750 2954 propter
773 2895 827 2934 nos
853 2883 881 2934 et
902 2881 1021 2951 propter
1073 2881 1167 2936 simus
1188 2882 1266 2937 enim
1280 2881 1452 2948 Deus,cum
1469 2879 1726 2949 sitimmutabilis,
1750 2877 1865 2934 sieutbu·

193 2975 328 3027 nostram
344 2967 468 3026 satutem
484 2967 645 3023 humanam
660 2970 795 3022 naturam
815 2971 1017 3038 suscepturus,
1073 2985 1159 3026 mano
1175 2986 1256 3024 more
1272 2967 1436 3026 contristari
1453 2963 1865 3042 pmbominnmperditionrdi·

194 3058 312 3114 intravit
328 3061 445 3114 terram.
461 3055 628 3112 Notandum
644 3059 740 3110 tamen
757 3055 896 3127 quianon
913 3053 954 3110 sie
969 3071 1019 3110 eos
1072 3057 1157 3125 citur,
1174 3057 1216 3113 sie
1231 3058 1267 3113 de
1281 3057 1345 3129 ejus
1360 3055 1454 3114 salute
1480 3057 1620 3130 gaudere.
1636 3057 1715 3123 Ouod
1738 3060 1821 3112 autem
1841 3053 1866 3106 de

193 3147 331 3215 deseruit,
348 3149 381 3201 ut
396 3160 513 3217 semper
527 3161 578 3216 per
592 3143 752 3200 divinitatis
775 3143 935 3216 potentiam
950 3159 1017 3198 cum
1032 3131 1054 3201 G
1073 3146 1226 3203 hominum
1242 3145 1403 3219 perditione
1418 3145 1595 3219 doleat,ipse
1609 3165 1660 3220 per
1669 3145 1822 3220 prophetam
1830 3142 1866 3196 de·

192 3237 251 3294 iltis
262 3253 319 3293 non
330 3239 417 3302 esset,
427 3249 479 3307 per
489 3250 578 3306 quam
589 3233 697 3304 ubique
707 3237 752 3290 est
764 3249 902 3304 presens,
910 3231 1018 3304 ubique
1073 3235 1247 3302 clarat,cum
1255 3235 1608 3292 enumeratisierusalem
1617 3230 1867 3308 peccatisadjnngil.

193 3331 340 3391 esitius,
356 3323 433 3381 siout
447 3327 477 3379 et
492 3339 545 3379 nos
560 3322 699 3390 deseruit,
711 3321 828 3393 quando
843 3321 879 3376 ad
896 3319 961 3378 illos
974 3337 1018 3377 re·
1073 3325 1173 3382 diesne
1184 3342 1191 3380 :
1202 3324 1234 3381 tn
1245 3321 1383 3381 omnihus
1393 3324 1459 3380 istis
1473 3323 1671 3382 contristabas
1686 3340 1740 3380 me.
1750 3323 1867 3388 Quantum

194 3415 257 3471 dlit.
274 3413 410 3481 Quaesivit
426 3409 505 3468 enim
521 3427 601 3468 ovem
618 3427 649 3466 se
671 3427 728 3467 non
745 3414 933 3483 quaerentem,
948 3409 1019 3482 quia
1073 3419 1170 3470 autem
1186 3413 1222 3470 de
1238 3413 1303 3483 ejus
1319 3412 1412 3469 salute
1426 3413 1552 3486 gaudeat
1566 3413 1744 3488 evangelista
1757 3409 1868 3474 declarat,

193 3509 299 3562 natura
321 3501 453 3558 bumana
477 3517 543 3556 eum
568 3517 624 3554 non
641 3503 739 3573 posset
753 3499 888 3556 accedere
902 3499 938 3555 ad
954 3500 1019 3570 ejus
1072 3503 1191 3559 dicens:
1209 3501 1240 3559 ln
1256 3501 1306 3558 illa
1320 3502 1392 3559 bora
1406 3501 1561 3558 exsultavit
1575 3502 1666 3560 iesus
1682 3501 1788 3575 spiritu,
1802 3501 1826 3554 et
1836 3495 1869 3550 di·

192 3591 385 3660 divinitatem,
397 3590 490 3646 iactus
503 3593 549 3646 est
563 3588 647 3644 nobis
662 3587 774 3644 vicinus
787 3586 1018 3675 perhmnnnita·
1071 3592 1114 3647 xit
1129 3609 1136 3648 :
1154 3614 1168 3643 a
1184 3591 1331 3648 Confiteor
1345 3590 1408 3657 tibi,
1428 3589 1562 3658 Domine,
1580 3591 1666 3648 Pater
1688 3589 1749 3647 eoeli
1769 3591 1794 3645 et
1806 3593 1869 3642 terra

192 3684 263 3747 tem,
279 3683 352 3736 teste
367 3677 515 3752 Apostolo,
532 3676 581 3750 qui
598 3678 638 3733 ait
652 3693 658 3732 :
671 3673 693 3728 ‘a
707 3677 903 3749 Semetipsum
919 3674 1017 3732 exina-
1073 3681 1122 3753 qui
1139 3679 1318 3736 abscondisti
1333 3679 1395 3735 hee
1411 3679 1629 3752 asapientibus
1651 3685 1680 3736 et
1693 3675 1869 3752 prudentibus,

193 3770 275 3836 nivit,
291 3769 416 3824 formam
431 3765 507 3823 servi
520 3765 714 3838 accipiens,in
726 3764 949 3821 similitudinem
966 3765 1017 3822 ho·
1073 3773 1101 3825 et
1116 3766 1249 3825 revelasti
1264 3784 1299 3825 ea
1313 3767 1442 3842 parvulis
1457 3768 1561 3841 (dett.
1588 3773 1639 3838 rr).
1659 3791 1673 3819 »
1688 3769 1772 3841 Cujus
1792 3761 1869 3838 gaudii

194 3859 309 3914 minum
324 3857 419 3914 iaetus
434 3855 519 3928 (Phil.
537 3857 579 3923 n),
598 3877 612 3904 »
627 3853 661 3910 m
676 3854 783 3910 iterum
794 3871 800 3911 :
811 3877 825 3905 «
838 3853 930 3912 liubi
939 3853 1019 3910 venit
1073 3857 1279 3932 perlectionem
1290 3856 1652 3923 Dominusdectarat,cum
1664 3849 1870 3930 exponenssimi·

194 3944 343 4020 plenitudo
353 3943 503 4017 temporis,
513 3943 594 4000 misit
604 3944 681 4000 Deus
692 3941 798 4000 Filium
809 3960 896 4000 sunm
907 3943 1017 4000 laetum
1072 3946 1227 4003 titudinem
1242 3945 1408 4018 subjungit,
1424 3946 1524 4003 dicens
1541 3962 1549 4003 ε

194 4052 228 4094 ex
243 4033 375 4104 muliere,
391 4033 500 4092 lactum
517 4033 571 4090 sub
596 4031 669 4106 lege,
685 4036 718 4088 ut
739 4049 788 4089 eos
811 4032 860 4105 qui
886 4031 1018 4107 sublege
1108 4059 1122 4087 α
1139 4036 1207 4092 Dico
1220 4036 1302 4092 vobis
1318 4036 1395 4108 quod
1411 4035 1452 4092 ita
1464 4036 1608 4108 gaudium
1624 4041 1668 4093 est
1683 4036 1712 4092 in
1726 4033 1790 4091 celo
1803 4042 1871 4100 super

193 4129 275 4183 erent
290 4123 455 4189 redimeret,
472 4125 505 4177 ut
520 4121 704 4195 adoptionem
726 4121 855 4180 illiorum
876 4123 1017 4196 recipere·
1075 4143 1087 4174 ι
1104 4141 1162 4181 uno
1178 4129 1329 4197 peccatore
1350 4123 1551 4196 paenitentiam
1575 4130 1690 4200 agente,
1706 4139 1787 4196 quam
1801 4131 1872 4191 supra

194 4219 261 4272 mus
277 4211 348 4286 (Gal.
365 4211 414 4285 rv).
430 4233 443 4260 n
1073 4237 1088 4267 e
1104 4213 1263 4286 nonaginta
1278 4229 1381 4269 novem
1393 4213 1495 4285 justis,
1521 4214 1570 4286 qui
1587 4231 1647 4272 uon
1662 4213 1787 4287 indigent
1799 4205 1870 4282 peni-

229 4325 243 4354 «
260 4303 294 4360 llt
304 4320 371 4358 num
384 4300 526 4356 invenerit
536 4295 788 4373 eam,imponetin
798 4299 938 4357 humeros
948 4317 1017 4356 suos
1072 4327 1086 4356 a
1103 4301 1204 4360 tentia.
1220 4323 1234 4353 »
1250 4303 1345 4374 Majus
1360 4317 1428 4376 ergo
1443 4303 1584 4376 gaudium
1599 4304 1685 4360 estin
1695 4300 1763 4358 caelo
1777 4299 1808 4356 de
1820 4310 1871 4352 eeu·

197 4414 210 4448 ι
225 4392 367 4467 gaudena.
384 4417 394 4444 ι
410 4390 464 4446 Par
478 4389 618 4445 humeros
633 4387 683 4444 Dei
699 4387 781 4445 labor
794 4389 940 4461 passionis
954 4390 1018 4461 ejus
1071 4391 1164 4450 versis
1179 4391 1390 4463 peccatoribus,
1403 4407 1490 4463 quam
1502 4393 1537 4447 de
1548 4391 1696 4448 stantibus
1707 4389 1808 4462 justis:
1819 4381 1872 4456 quia

94 4518 98 4526 -
193 4479 375 4554 exprimitur.
383 4479 525 4545 Quoniam
537 4493 605 4551 ergo
614 4477 797 4533 babethomo
808 4477 948 4549 majorem
960 4477 1016 4534 lor·
1032 4500 1055 4566 D
1072 4481 1100 4539 e't
1115 4497 1168 4537 nos
1183 4483 1328 4536 terrenam
1344 4480 1541 4536 substantiam
1552 4482 1696 4554 perditam
1711 4493 1775 4536 eum
1787 4467 1872 4544 majori

194 4568 349 4627 titudinem
365 4567 395 4623 in
412 4565 542 4624 humeris
557 4567 591 4623 ad
609 4583 698 4622 onera
712 4567 867 4637 portanda,
882 4583 972 4638 quam
987 4567 1017 4622 ia
1072 4571 1179 4644 gaudio
1190 4585 1408 4640 recuperamus,
1419 4585 1507 4642 quam
1518 4574 1586 4626 ante
1597 4569 1783 4641 perditionem
1793 4574 1872 4635 posse·

193 4659 304 4716 ceteris
319 4656 471 4724 membris,
488 4655 591 4711 merito
607 4671 658 4726 per
681 4653 820 4711 humeros
841 4655 934 4711 virtus
949 4672 1018 4729 pas·
1073 4659 1221 4715 daremus.
1238 4659 1318 4724 Quod
1339 4659 1494 4716 manifeste
1516 4657 1568 4714 illa
1590 4645 1729 4732 parabola'
1749 4643 1873 4723 Evangelii

193 4742 1018 4822 sionisdesignatur,sioutlsaiasait(cop.1x):«thaotus
1073 4747 1193 4813 indicat,
1221 4747 1271 4802 ubi
1300 4747 1455 4821 prodigum
1479 4746 1572 4803 illium
1597 4748 1782 4804 revertentem
1807 4741 1873 4812 pater

193 4845 238 4894 c'st
252 4837 435 4910 principatus
450 4834 515 4905 ejus
538 4848 627 4906 super
652 4829 809 4888 humerum
824 4833 899 4904 ejus.
916 4853 930 4884 »
946 4833 1020 4898 Quia
1073 4853 1141 4892 eum
1156 4851 1263 4908 magno
1279 4835 1385 4909 gaudio
1400 4836 1665 4908 suscepit‚dieens:
1678 4859 1692 4886 u
1703 4831 1819 4890 Proiecto
1827 4823 1872 4880 cito

194 4927 272 4982 enim
288 4927 318 4981 in
333 4924 466 4982 humeris
481 4938 568 4979 onera
583 4925 698 4994 portare
714 4920 854 4988 solemus,
870 4922 1018 4980 inventam
1074 4924 1180 5005 stolam
1195 4923 1333 4997 primam,
1348 4926 1377 4980 et
1390 4925 1456 4980 date
1470 4925 1613 4981 annulum
1628 4925 1659 4980 in
1675 4935 1760 4978 manu
1774 4919 1838 4992 ejus,
1851 4913 1872 4966 ei

195 5029 278 5068 ovem
300 5013 330 5070 in
352 5012 484 5070 humeris
499 5010 607 5085 posuit,
623 5009 740 5084 quando
755 5027 809 5067 nos
824 5027 875 5084 per
889 5010 1019 5069 laborem
1074 5013 1270 5071 calceamenta
1278 5013 1307 5068 in
1316 5013 1449 5086 pedes,et
1456 5012 1707 5070 occiditevitulum
1718 5007 1871 5084 sagionum.

195 5116 254 5157 sue
265 5101 410 5172 passionis
419 5102 455 5157 ad
464 5100 610 5158 calestem
618 5099 741 5174 gloriam
751 5099 902 5156 revocavit.
911 5101 951 5157 De
962 5118 1019 5174 quo
1074 5107 1103 5160 et
1117 5102 1271 5176 epulemur
1282 5106 1311 5158 et
1321 5101 1536 5174 jucundemur:
1548 5106 1577 5159 et
1589 5101 1658 5176 quia
1666 5097 1714 5157 bic
1724 5097 1797 5155 itlius
1806 5103 1872 5148 meus

195 5205 248 5262 per
261 5188 379 5244 beatum
394 5187 510 5245 Petrum
526 5189 633 5246 dicitur
649 5205 656 5246 ε
672 5212 686 5240 «
703 5189 823 5246 Peccata
839 5194 939 5247 nostra
957 5190 1020 5263 ipse
1075 5195 1210 5250 mortuus
1225 5193 1329 5258 luerat,
1345 5195 1375 5248 et
1390 5191 1507 5261 revixit;
1522 5192 1655 5265 perierat,
1665 5195 1694 5246 et
1708 5178 1872 5243 inventusest
1940 5255 1941 5258 Ἴ

175 5297 180 5310 ·
196 5275 316 5351 pertulit
329 5275 359 5330 in
374 5291 492 5347 corpore
508 5294 561 5333 suo
587 5295 677 5350 super
699 5276 824 5351 lignum,
842 5282 874 5334 ut
892 5280 1020 5352 peccetis
1075 5283 1150 5354 (Luc.
1165 5281 1222 5354 xv).
1240 5303 1254 5332 n
1270 5281 1327 5337 Sed
1342 5281 1415 5338 torte
1430 5284 1526 5338 movet
1541 5272 1821 5354 aliquem,quomado
1831 5283 1872 5323 an·

196 5366 315 5432 mortui,
323 5363 446 5437 justitiae
456 5363 691 5437 vivemus‚cujus
701 5364 892 5424 livoresanati
904 5383 1018 5426 sumus.
1074 5370 1130 5444 geli
1145 5370 1206 5438 Dei,
1226 5369 1256 5425 in
1272 5370 1380 5444 quibus
1395 5385 1513 5428 summa
1528 5369 1664 5444 perfectio
1681 5369 1735 5434 est,
1750 5357 1833 5432 111⁸&is
1844 5353 1872 5408 dl

196 5455 291 5517 Eratis
305 5453 383 5512 enim
398 5451 474 5510 sicut
488 5468 554 5508 oves
570 5457 710 5525 errantes,
738 5456 789 5513 sed
804 5456 934 5514 conversi
949 5457 1019 5514 estis
1074 5459 1262 5516 conversione
1277 5462 1462 5532 peccatorum
1481 5475 1569 5531 quam
1593 5460 1628 5518 de
1648 5459 1725 5514 statu
1744 5453 1871 5524 justorum

196 5539 1019 5624 uuuoadpastoremstspiscopumanimarumvestrarunr
1074 5541 1876 5630 gauderspossiut‘tedquoddicsndumguiasuatuotf
