4018 6178
112 330 143 392 ιιι
386 342 390 348 ’
732 331 909 398 llOlllLlAE
930 333 981 396 aa
1003 332 1207 398 TEMPORE.
1776 331 1824 406 ,ω

112 463 246 536 diximus,
264 461 371 522 mundi
385 453 542 537 amatores,
567 463 679 522 scilicet
696 465 799 539 Judei,
817 483 875 524 non
890 483 938 524 co·
953 465 980 539 A
995 469 1077 540 garet
1091 483 1181 542 quere
1194 487 1208 519 ιι
1221 483 1256 524 ex
1270 463 1466 542 sanguinibus
1479 486 1494 516 ιι
1505 463 1636 536 dixisset,
1652 467 1822 541 exponendo

111 557 283 628 gnovcrunt.
300 553 341 612 lle
357 553 464 627 quibus
477 554 573 612 adbuc
589 555 792 630 subjungitur:
995 555 1157 628 subjunxit,
1174 555 1294 614 dicens:
1311 579 1325 606 ιι
1342 557 1441 629 Neque
1456 573 1491 612 ex
1514 555 1663 612 voluntate
1688 555 1752 626 viri,
1772 573 1822 614 ne-

141 667 154 694 ιι
171 643 204 700 ln
223 643 448 718 propriavenit,
465 647 494 700 et
508 643 554 700 sui
566 661 634 701 eum
651 661 709 701 noa
725 649 907 720 receperunt.
925 665 939 697 ιι
996 663 1052 718 εεε
1066 663 1100 702 ex
1114 645 1263 702 voluntate
1287 645 1395 702 carnis.
1413 667 1428 696 ιι
1450 645 1573 702 Carnem
1590 661 1642 718 pro
1667 661 1755 702 uxore
1771 663 1822 720 po-

109 733 136 790 ln
152 731 274 807 propria
292 732 401 806 quippe
414 732 503 802 venit,
529 733 599 806 quia
615 749 673 790 non
689 732 785 792 solum
801 752 835 792 ex
850 736 942 808 stirpe
996 734 1064 801 suit,
1086 736 1172 808 juxta
1195 735 1267 792 illud
1292 736 1369 810 quod
1395 733 1614 808 scriptumest:
1638 759 1652 786 ιι
1669 735 1729 792 lloc
1745 753 1824 794 nunc

109 822 279 879 Judaeoram
294 839 413 878 carnem
429 823 601 898 assumpsit,
626 825 677 880 sad
697 824 786 883 etiam
802 825 878 882 inter
891 842 941 883 eos
996 841 1028 881 os
1043 841 1077 881 ex
1101 824 1218 882 ossibus
1238 825 1322 892 meis,
1338 829 1367 881 ει
1383 842 1449 882 caro
1475 826 1510 881 de
1534 841 1621 882 carne
1646 841 1720 882 mea.
1737 845 1750 878 ι
1769 827 1804 884 lit
1815 841 1840 882 :·

110 911 219 978 docuit,
236 911 415 986 predicavit,
431 911 517 986 signa
539 916 569 968 et
592 911 714 970 virtutes
729 913 941 972 inenarrabiles
997 935 1011 963 ιι
1024 912 1114 970 lirant
1137 915 1195 970 duo
1222 913 1251 970 in
1272 929 1359 971 carne
1382 931 1441 970 una
1464 914 1542 984 (Gen.
1559 915 1603 988 ε).
1621 937 1635 965 ιι
1650 915 1686 972 aa
1699 917 1823 988 Aposto-

108 1001 246 1058 astsndit.
264 1024 279 1052 ιι
291 1000 348 1058 Sed
357 1000 403 1058 sui
419 1018 487 1060 eum
497 1019 555 1058 non
566 1008 752 1077 receperunt,
766 1026 781 1054 ιι
792 1004 822 1061 id
833 1004 942 1062 estiu—
996 1000 1063 1058 lus:
1080 1026 1094 1053 ιι
1112 1002 1202 1060 Nemo
1219 1020 1350 1076 unquam
1373 1021 1491 1060 carnem
1517 1021 1602 1060 suani
1616 1003 1683 1061 adio
1708 1004 1822 1076 babuit,

108 1089 943 1166 dei,quossibipeculiaritsrprioribustemporibusvelut
996 1090 1048 1148 sed
1064 1089 1155 1146 nutrit
1170 1108 1234 1148 eam
1247 1097 1276 1148 ει
1292 1091 1366 1149 iavet
1380 1093 1487 1164 (lipbaa.
1504 1093 1544 1165 ε).
1563 1117 1574 1142 ι
1591 1091 1645 1150 Vel
1658 1109 1693 1151 ex
1707 1094 1826 1168 sangui·

107 1179 241 1254 proprios
265 1179 418 1246 asciverat,
441 1179 567 1254 quasin
592 1185 670 1239 terra
692 1181 942 1255 repromissionis,
997 1179 1095 1247 nibus,
1109 1173 1140 1236 id
1156 1184 1210 1250 εει,
1226 1181 1305 1239 νιιιιε
1329 1185 1357 1238 ει
1376 1183 1514 1254 peccatis,
1531 1181 1607 1240 sicut
1621 1199 1673 1255 per
1697 1181 1823 1240 Psalmi·

108 1269 208 1340 ejectis
218 1267 366 1337 hostibus,
383 1267 641 1339 babitareleaerat,
658 1270 767 1344 quibus
779 1271 938 1346 legisnati.
997 1272 1074 1325 stam
1099 1269 1207 1326 dicitur
1217 1287 1227 1326 :1
1251 1295 1264 1320 ιι
1283 1270 1387 1327 Libera
1402 1287 1448 1327 me
1464 1271 1499 1328 de
1513 1271 1718 1343 sanguinibus,
1734 1272 1822 1342 Deus,

108 1357 176 1414 tiam
192 1357 327 1426 dederat,
343 1362 373 1416 et
384 1358 420 1414 ad
436 1375 564 1432 quorum
574 1359 772 1418 eruditionem
784 1361 942 1434 prophetas
997 1357 1263 1416 Deussalutismece
1276 1360 1408 1428 (Psote).
1422 1379 1435 1412 ιι
1450 1359 1529 1416 «Sed
1540 1359 1708 1416 exDeonati
1718 1365 1798 1418 sunt.
1810 1383 1823 1411 ιι

109 1445 240 1516 miserat,
255 1451 284 1504 et
296 1463 331 1504 ex
345 1446 453 1520 quibus
465 1448 546 1506 nasci
557 1447 695 1523 elegerat.
712 1449 776 1507 Sive
792 1455 869 1508 certe
884 1475 898 1503 ιι
911 1451 941 1508 ιε
997 1446 1126 1511 Qualiter
1135 1446 1178 1504 vel
1190 1448 1336 1521 quomodo
1346 1463 1381 1504 ex
1391 1447 1449 1505 Deo
1459 1451 1619 1504 nascantur
1632 1448 1778 1516 homines,
1791 1453 1825 1508 ut

108 1536 226 1609 propria
241 1537 332 1604 venit,
345 1559 359 1587 ιι
376 1535 447 1610 εειε
460 1536 490 1594 ιε
502 1539 612 1596 mundo
623 1540 760 1613 apparuit
775 1539 943 1613 perhuma·
998 1533 1051 1591 filii
1066 1536 1114 1593 bei
1131 1536 1191 1592 sint
1207 1553 1260 1609 per
1273 1536 1470 1609 adoptionem,
1488 1537 1628 1594 Dominus
1643 1535 1713 1593 alibi
1728 1536 1822 1594 mani-

109 1625 243 1694 nitatem,
274 1643 363 1700 quem
390 1626 498 1684 lecerat
532 1643 585 1702 per
615 1626 808 1686 divinitatem.
838 1630 942 1688 Venire
997 1624 1095 1694 festat,
1109 1625 1228 1682 dicens:
1247 1649 1260 1676 ιι
1278 1624 1340 1682 Nisi
1355 1625 1422 1700 quis
1433 1630 1552 1683 renatus
1567 1626 1653 1684 suerit
1664 1632 1825 1700 exaquaet

109 1714 216 1788 quippe
232 1719 263 1770 ει
276 1714 368 1785 abire,
385 1715 579 1774 humanitatis
591 1722 656 1774 ast:
683 1735 801 1776 manere
815 1723 844 1777 ει
865 1737 940 1782 εεεε,
997 1713 1108 1788 Spiritu
1123 1717 1234 1782 sancto,
1251 1731 1309 1770 nun
1330 1718 1425 1788 potest
1440 1714 1560 1771 introire
1579 1714 1609 1770 in
1627 1731 1749 1790 regnum
1773 1715 1823 1773 lici

108 1803 281 1861 divinitatis.
297 1826 311 1854 ιι
325 1805 382 1862 Sed
396 1805 442 1862 sui
456 1822 524 1862 eum
540 1823 598 1863 non
616 1813 799 1881 receperunt.
812 1832 826 1859 ιι
839 1809 870 1866 ld
885 1813 939 1876 εει,
996 1804 1077 1874 (Joaa
1094 1805 1145 1877 ιιι).
1164 1826 1177 1854 ιι
1202 1805 1237 1860 Et
1260 1804 1387 1862 ilerum:
1405 1827 1418 1856 ι(
1435 1804 1516 1870 Quod
1538 1807 1641 1861 nalum
1664 1809 1710 1860 0⁸2
1724 1819 1822 1871 wint,

109 1892 244 1950 homines
259 1910 334 1967 quos
345 1895 381 1950 ad
396 1893 556 1967 imaginem
573 1900 601 1952 st
613 1896 841 1954 similitudinem
858 1915 943 1954 suam
998 1909 1065 1950 caro
1080 1898 1141 1952 est:
1157 1894 1273 1966 etquod
1289 1897 1392 1950 natum
1408 1897 1452 1951 εει
1467 1911 1500 1950 er
1516 1892 1631 1968 spiritu,
1647 1891 1770 1966 spiritus
1780 1897 1825 1950 εει

109 1983 226 2053 iecerat,
242 1999 353 2056 magna
367 2001 402 2042 ex
416 1983 543 2057 partein
558 2003 626 2043 euin
638 1988 758 2044 credere
774 1985 941 2044 noluerunt·
998 1981 1102 2055 (roias.
1121 2005 1135 2032 ”
1152 1983 1216 2040 Une
1229 1987 1274 2040 θθῑ
1288 1983 1367 2040 essim
1382 1987 1489 2040 natur&
1503 1981 1639 2049 carnalia
1657 1981 1749 2040 tillir&
1763 1981 1824 2056 81ιί-

109 2072 162 2128 ιιειι
178 2072 317 2146 nunquid
334 2089 437 2130 omnes
448 2075 484 2132 ab
501 2075 568 2147 ejus
582 2075 783 2134 notitiaalieni
794 2093 941 2134 ramanae·
998 2071 1121 2128 ritualia
1139 2071 1203 2129 Una
1216 2071 1354 2138 visibilis,
1371 2071 1429 2130 elia
1443 2070 1609 2130 invisibilis·

111 2162 201 2218 runt?
215 2162 291 2218 Non.
309 2163 383 2219 Nam
398 2164 549 2236 sequitur:
1032 2184 1046 2212 ιι
1065 2161 1098 2218 st
1112 2161 1240 2218 Verbum
1256 2177 1322 2220 caro
1337 2163 1447 2218 lactum
1462 2166 1516 2230 est,
1532 2164 1560 2218 ει
1570 2159 1712 2218 habitarit
1725 2160 1756 2218 in
1772 2178 1824 2220 no·

145 2273 159 2300 ιι
173 2249 324 2321 Quotquot
332 2253 430 2308 sutem
441 2256 696 2325 receperunteum.
708 2275 722 2303 ιι
732 2251 777 2308 llli
788 2269 855 2309 eum
866 2256 941 2310 rece·
998 2272 1012 2302 ιι
1027 2251 1083 2307 bis.
1100 2273 1114 2302 ιι
1130 2249 1300 2308 versiculus
1315 2252 1369 2308 iste
1385 2250 1634 2324 exsuperioribus
1649 2251 1757 2323 pendet
1769 2267 1776 2320 ;
1790 2268 1824 2309 ac

112 2341 228 2410 parunt,
239 2337 370 2410 quicum
384 2341 489 2396 aPatre
499 2339 625 2399 missum
637 2341 744 2400 filium
755 2341 804 2398 Dei
815 2342 942 2400 credide-
996 2340 1019 2396 si
1037 2340 1144 2397 diceret
1158 2340 1343 2414 Evangelista
1355 2358 1361 2396 :
1375 2340 1411 2396 Ut
1425 2339 1560 2398 homines
1571 2357 1623 2414 per
1637 2339 1823 2413 adoptionem

113 2426 850 2504 mntSsdquideispmiuitquodeumrccepcrunt‘l
865 2437 940 2488 «De-
995 2429 1048 2485 lilii
1073 2429 1124 2486 Dei
1140 2429 1202 2485 lieri
1226 2434 1357 2503 possent,
1384 2428 1456 2485 illud
1473 2429 1601 2486 Verbum
1623 2428 1702 2502 quod
1717 2432 1780 2486 erat
1792 2426 1823 2486 in

114 2539 127 2566 ιι
141 2515 185 2572 (ιιι
199 2515 254 2581 ειε,
271 2516 379 2589 ιεεειι,
395 2521 568 2590 potestatem
583 2519 659 2576 filios
672 2519 723 2577 Dei
739 2520 811 2588 fieri,
828 2521 874 2578 bis
889 2522 940 2596 qui
995 2519 1149 2592 principio,
1162 2523 1238 2575 lasus
1249 2519 1326 2592 apud
1338 2523 1440 2586 Deum,
1453 2518 1536 2587 illud,
1549 2518 1682 2591 inquam,
1693 2517 1822 2576 Verbum

115 2627 127 2654 ιι
143 2605 268 2662 eredunt
283 2605 313 2662 in
329 2605 448 2662 nomina
462 2607 537 2679 ejus.
551 2629 565 2658 ιι
580 2607 635 2666 Ubi
645 2607 728 2682 larga
740 2609 941 2667 misericordis
995 2607 1105 2665 factum
1121 2612 1165 2664 εει
1179 2625 1257 2676 carc,
1273 2607 1302 2664 id
1317 2613 1362 2666 εει
1376 2613 1453 2666 Deus
1476 2608 1571 2665 lactus
1585 2613 1630 2664 est
1649 2607 1748 2675 bomo,
1764 2623 1822 2666 noa

114 2693 160 2750 Dei
174 2693 353 2762 ostenditur,
370 2696 487 2768 quando
503 2697 553 2770 εει
564 2697 639 2754 servi
655 2715 713 2756 non
730 2699 844 2756 fuerant
858 2699 940 2772 digni
995 2701 1092 2754 tamen
1109 2697 1139 2753 in
1154 2713 1416 2767 carneconversus,
1426 2713 1581 2754 assumens
1592 2697 1670 2770 quod
1680 2713 1738 2754 non
1749 2701 1821 2765 erat,

114 2782 198 2839 etiam
213 2781 268 2840 lilii
284 2790 441 2840 vocantur:
458 2801 517 2844 non
532 2802 584 2860 per
598 2790 745 2860 naturam,
762 2791 813 2846 scd
828 2806 880 2861 per
892 2790 940 2848 ad·
994 2803 1047 2843 nee
1062 2787 1200 2844 desinens
1218 2803 1282 2844 asse
1304 2787 1468 2860 quoderat,
1484 2801 1660 2858 permanens
1676 2789 1762 2854 Deus,
1779 2785 1822 2842 la·

113 2871 239 2944 optionis
255 2871 393 2945 gratiam,
410 2878 443 2931 at
457 2873 505 2930 hic
520 2874 650 2932 heredes
666 2877 715 2932 Dei
730 2894 782 2951 per
802 2879 890 2936 fidem
906 2896 939 2937 so
994 2881 1058 2932 ctus
1073 2879 1118 2932 cst
1132 2874 1230 2932 bomo.
1243 2875 1296 2943 Oui
1307 2879 1412 2932 cuneta
1427 2874 1495 2932 lecit
1505 2874 1534 2928 in
1549 2873 1642 2931 torma
1654 2871 1714 2944 Dei,
1726 2873 1756 2929 id
1766 2877 1820 2943 εει,

112 2960 240 3018 heredes
256 2962 422 3018 efficiamur
436 2962 544 3021 Christi
556 2981 608 3038 per
617 2965 753 3038 gratiam,
760 2967 847 3039 juxta
861 2969 938 3042 quod
994 2982 1061 3022 cum
1077 2969 1154 3022 εεεει
1168 2969 1255 3033 ὓεεε,
1273 2966 1367 3021 ιεειεε
1377 2971 1422 3020 εει
1432 2964 1462 3020 ιε
1474 2965 1568 3021 forma
1577 2963 1662 3032 servi,
1675 2963 1823 3021 sactusest

110 3049 185 3106 idem
200 3050 372 3108 Joannesin
383 3053 441 3110 line
452 3053 598 3128 Evangelii
613 3055 659 3111 εει
675 3054 802 3129 scripsit,
818 3057 937 3114 dicens:
994 3053 1044 3126 qui
1060 3054 1177 3122 lecerat,
1195 3057 1227 3110 ει
1251 3053 1430 3110 inveniretur
1444 3053 1494 3126 εει
1519 3053 1653 3126 perierat.
1677 3053 1732 3110 Sed
1754 3069 1821 3110 cam

112 3139 204 3196 allec
219 3143 320 3196 autem
337 3141 447 3214 scripta
461 3145 531 3200 sunt
547 3146 578 3199 ει
591 3144 727 3213 credatis,
740 3145 879 3220 quoniam
894 3147 941 3204 le·
993 3143 1080 3200 dicit:
1112 3165 1127 3193 ιι
1141 3142 1270 3198 Verbum
1297 3160 1363 3199 caro
1392 3141 1574 3212 factumest,
1596 3165 1610 3192 ιι
1640 3141 1737 3198 εεεειε
1767 3159 1822 3198 no·

111 3246 160 3286 sas
175 3234 221 3286 est
237 3229 330 3286 Filius
346 3229 406 3300 Dei,
423 3235 452 3288 ct
467 3235 510 3301 ει,
526 3233 689 3303 credentes,
704 3233 793 3292 uitam
805 3234 939 3294 babeatis
954 3217 976 3286 G
995 3232 1073 3288 mina
1088 3215 1247 3306 perlectum
1258 3231 1408 3288 bominem
1420 3229 1576 3304 significat,
1593 3229 1644 3302 εει
1657 3233 1773 3286 εοεειει
1787 3247 1821 3286 cx

110 3316 139 3372 in
160 3316 282 3374 nominc
306 3318 371 3389 ejus
387 3317 474 3390 (loca.
491 3320 549 3392 xx).
567 3342 582 3370 ιι
598 3321 673 3387 Quid
688 3339 756 3396 ergo
771 3323 937 3398 benignius,
994 3321 1094 3378 anima
1108 3319 1241 3377 rationali
1257 3324 1287 3376 et
1300 3336 1396 3376 cerne.
1421 3319 1497 3376 Usus
1513 3335 1640 3392 namque
1664 3317 1820 3391 Scriptura

111 3406 180 3478 quid
196 3405 428 3476 misericordius,
445 3425 534 3481 quam
545 3409 652 3468 unicus
661 3411 752 3468 Filius
765 3413 823 3482 liei,
837 3413 939 3472 nolens
993 3415 1038 3468 cst
1052 3410 1210 3485 aliquando
1221 3425 1273 3483 per
1285 3408 1378 3466 solam
1389 3409 1530 3476 animam,
1542 3407 1699 3482 aliquanda
1711 3424 1764 3480 per
1773 3425 1820 3465 so-

113 3493 937 3573 maneresilus‚nostracarnesumpta,noslecitDeitilios,
992 3499 1052 3557 lam
1066 3517 1183 3556 carnem
1193 3503 1287 3555 tolum
1297 3497 1447 3554 hominem
1458 3497 1635 3571 significare.
1647 3496 1757 3554 Anima
1769 3514 1820 3555 no·

113 3587 139 3638 ct
149 3582 203 3640 sibi
214 3584 408 3658 adoptavitin
419 3587 533 3656 tratres,
546 3592 578 3644 ut
588 3590 736 3663 quodipse
747 3589 874 3649 babebat
888 3609 939 3665 per
993 3588 1072 3646 mine
1088 3571 1167 3646 totus
1182 3587 1269 3645 bomo
1284 3586 1477 3662 significatur,
1494 3587 1572 3644 sicut
1587 3586 1731 3660 scriptum
1755 3591 1818 3644 est:

115 3675 258 3742 naturam,
275 3690 329 3729 nos
353 3673 529 3734 haberemus
542 3693 595 3749 per
608 3679 759 3751 gratiam?
775 3681 816 3736 De
831 3681 938 3755 quihus
995 3700 1009 3730 ιι
1024 3676 1316 3736 Descenditlacobin
1327 3678 1482 3751 AEgyptum
1492 3676 1522 3732 in
1533 3675 1690 3733 animabus
1702 3679 1820 3750 septua-

114 3759 172 3832 ipse
182 3761 253 3818 dicit
265 3761 297 3819 in
314 3763 490 3838 Evangelio:
509 3788 523 3816 ιι
535 3765 707 3844 Quicunque
723 3768 822 3826 lecerit
836 3770 938 3827 volun·
992 3767 1072 3841 ginta
1082 3768 1158 3841 (Gen.
1168 3766 1253 3840 xcvi).
1263 3788 1277 3816 ιι
1287 3765 1396 3824 lterum
1407 3765 1504 3822 cernis
1516 3768 1633 3822 nomine
1643 3769 1722 3822 totus
1731 3763 1819 3822 homo

116 3853 198 3906 tatem
208 3850 382 3921 Patrismei,
396 3852 487 3926 quiin
503 3854 583 3912 omlis
593 3860 649 3927 est,
665 3855 728 3931 ipse
743 3875 827 3914 meus
838 3859 936 3918 irater:
992 3852 1820 3930 signiacatursieutscriptumestinrropbaaastvidsbit

118 3953 191 3994 soror
204 3943 234 3996 et
254 3945 351 3998 mater
374 3944 418 3998 est
434 3941 535 4016 (tata.
552 3947 615 4015 vn).
633 3967 648 3996 ιι
665 3946 697 4002 Et
721 3952 787 4020 post
808 3965 937 4006 resurae·
993 3945 1090 4003 omnis
1100 3962 1167 4002 caro
1179 3943 1306 4002 salutare
1315 3943 1363 4000 Dei
1375 3945 1451 4014 (lac.
1463 3946 1517 4013 ει).
1528 3965 1543 3994 ιι
1551 3942 1614 4000 Νοε
1625 3941 1704 4000 enim
1714 3941 1818 4000 anime

121 4027 235 4085 ctionem
259 4027 420 4103 discipulos
444 4031 549 4088 iratres
574 4049 676 4091 vocare
700 4035 849 4107 dignatus,
876 4037 935 4095 ait:
992 4032 1818 4108 sinacorporibusinAEgpptumdcscenderuntneccaro

122 4135 134 4160 ι
148 4114 193 4184 lta,
202 4117 336 4174 nuntiate
345 4117 485 4176 iratribus
496 4119 579 4177 meis.
591 4143 604 4172 ιι
612 4122 655 4178 Ad
666 4121 742 4179 banc
750 4124 936 4199 adoptionem
991 4124 1055 4182 ειεε
1070 4124 1169 4180 anima
1179 4122 1308 4180 salutare
1319 4121 1368 4180 ιιει
1379 4122 1488 4180 viderat
1500 4121 1616 4195 poterit,
1631 4121 1682 4178 sed
1693 4119 1773 4192 alibi,
1787 4125 1819 4178 ut

123 4218 172 4260 non
185 4206 272 4276 venit,
287 4206 346 4264 nisi
363 4205 415 4282 qui
429 4208 487 4264 tide
507 4209 663 4268 crediderit
681 4210 711 4268 in
727 4214 846 4272 nomine
860 4215 934 4287 ejus,
991 4213 1131 4280 diximus,
1142 4230 1194 4286 per
1204 4211 1297 4270 sulam
1307 4213 1447 4280 animam,
1458 4211 1527 4268 alibi
1539 4209 1817 4284 persolamcarne'm

121 4296 248 4364 quoniam
262 4296 340 4354 sicut
356 4297 500 4369 scriptum
515 4302 574 4355 est:
592 4321 606 4350 ιι
617 4300 722 4358 1εειεε
733 4318 767 4358 ax
781 4301 839 4360 tide
854 4303 933 4370 vivit,
990 4306 1070 4359 totus
1081 4301 1168 4358 bomo
1180 4302 1373 4376 significatur.
1385 4305 1429 4356 lta
1439 4304 1545 4374 ergoet
1554 4299 1610 4356 boc
1620 4299 1650 4354 in
1666 4299 1739 4368 loco,
1750 4315 1817 4354 cum

121 4379 244 4457 sineque
258 4384 794 4463 impossibileestplaccreDao‘fflom.
812 4409 838 4449 ιι
854 4394 934 4451 liebr.
990 4391 1079 4447 dicit:
1097 4413 1111 4440 ιι
1127 4391 1256 4447 Verbum
1271 4407 1338 4446 caro
1355 4389 1536 4456 factumest,
1553 4410 1567 4438 ιι
1585 4403 1642 4442 non
1668 4385 1747 4443 aliud
1772 4390 1818 4442 est

120 4470 190 4542 nt·
207 4473 241 4530 st
254 4491 291 4532 ne
306 4475 510 4546 putarcsbanc
526 4475 705 4534 nativitatem
714 4479 860 4540 carnalem
872 4499 936 4540 esse
990 4481 1086 4538 dicere
1099 4497 1189 4553 quam
1204 4483 1280 4536 Deus
1295 4477 1382 4538 bomo
1399 4477 1492 4534 tactus
1507 4480 1552 4534 εει
1567 4493 1601 4534 cx
1616 4475 1714 4532 anima
1729 4475 1817 4532 ratio-

120 4563 146 4616 et
157 4577 210 4618 non
224 4563 419 4636 spiritualem,
436 4569 513 4622 reeta
527 4566 736 4641 subjungitur:
949 4593 973 4660 fl
990 4569 1060 4639 nali,
1078 4573 1111 4626 ει
1126 4568 1264 4638 diximus,
1287 4572 1315 4625 et
1330 4583 1427 4624 carna.
1445 4566 1574 4623 Fuerunt
1588 4564 1666 4624 enim
1682 4563 1814 4622 nonnulli

151 4649 228 4716 «Qui
244 4669 303 4710 non
325 4669 359 4710 ex
382 4654 589 4729 sanguinibus,
612 4673 707 4730 neque
730 4675 765 4715 ex
786 4657 936 4720 voluntate
990 4659 1118 4716 haretici
1146 4659 1197 4732 qui
1220 4658 1356 4714 dixerunt
1383 4655 1540 4714 Dominum
1569 4672 1686 4712 carnem
1706 4654 1817 4728 absque

120 4759 132 4784 ι·
148 4740 246 4810 camis,
263 4759 410 4816 nequeas
433 4743 582 4802 voluntate
610 4746 674 4802 viri.
693 4769 707 4798 ιι
737 4747 768 4804 ln
791 4767 849 4822 εεο
873 4751 935 4808 loca
990 4749 1089 4806 anima
1097 4748 1274 4823 suscepisse.
1287 4747 1316 4806 Si
1327 4745 1406 4805 enim
1417 4747 1494 4822 quod
1507 4745 1605 4801 minua
1616 4748 1661 4801 eat
1671 4743 1748 4814 lecit,
1760 4743 1817 4800 uti-

119 4840 179 4883 cum
194 4851 208 4880 ιι
222 4830 494 4905 exsanguinibus»
510 4834 618 4907 ροεειι,
630 4839 732 4892 contra
746 4838 876 4912 regulam
892 4857 937 4897 ar·
991 4855 1046 4913 εεε
1061 4841 1090 4894 ει
1105 4839 1181 4911 quod
1193 4839 1289 4909 majus
1303 4840 1349 4893 est
1361 4835 1500 4908 suscepit.
1513 4833 1566 4899 Oui
1583 4833 1662 4890 euim
1677 4849 1729 4906 pro
1742 4831 1817 4890 libe-

118 4913 152 4970 lis
165 4921 360 4988 grammatice
377 4919 455 4990 lecit,
470 4923 540 4996 quia
554 4925 632 4997 apud
647 4927 855 4998 grammaticos
870 4946 936 4986 san·
990 4927 1091 4985 randis
1107 4927 1262 4984 animabus
1280 4943 1397 4984 carnem
1414 4923 1553 4997 suscepit,
1577 4923 1640 4980 sine
1655 4921 1744 4979 dubio
1759 4921 1817 4979 hu-

118 5003 177 5074 guis
191 5024 304 5082 semper
333 5010 533 5084 singulariter,
557 5017 586 5069 et
607 5031 760 5088 nunquam
784 5015 937 5090 pluraliter
990 5033 1109 5074 manans
1135 5016 1264 5073 animam
1292 5014 1432 5087 suscepit.
1455 5017 1494 5069 De
1511 5029 1570 5086 εεε
1589 5013 1652 5086 ipse
1666 5011 1815 5084 loquitur:

119 5096 278 5155 enuntiatur
292 5100 458 5164 secusdum
473 5100 617 5175 regulam.
644 5104 700 5160 Sed
717 5121 775 5162 non
790 5123 866 5163 cura
882 5108 936 5165 luit
991 5131 1005 5159 «
1021 5110 1198 5162 potestatem
1215 5104 1307 5161 babeo
1320 5103 1447 5176 ponendi
1464 5100 1594 5159 animam
1606 5117 1712 5169 meam,
1725 5106 1753 5157 ει
1767 5099 1818 5157 ιιε·

119 5185 289 5257 evangelista
305 5188 461 5246 observare
476 5190 608 5264 regulam
632 5192 705 5250 artis
725 5198 933 5268 grammatice,
990 5211 1055 5252 rum
1072 5193 1207 5252 sumendi
1223 5209 1287 5250 eam
1305 5193 1393 5266 (loon.
1409 5192 1479 5265 avr).
1496 5216 1511 5244 ιι
1527 5192 1563 5248 lit
1577 5191 1703 5248 iterum:
1721 5213 1735 5240 ιι
1752 5190 1816 5246 Tri-

120 5273 308 5344 utperlcctius
323 5293 445 5336 sensum
457 5278 600 5352 explicare
610 5286 720 5354 posset.
732 5283 760 5338 Si
771 5285 851 5341 enini
862 5285 935 5344 dice·
990 5285 1045 5343 ειιε
1074 5289 1117 5341 εει
1146 5283 1246 5340 anima
1272 5297 1338 5340 mea
1366 5299 1459 5356 usqua
1485 5282 1521 5338 ad
1552 5283 1676 5337 mortem
1712 5277 1814 5351 (Vaut.

119 5363 157 5416 tet
169 5377 200 5420 en
213 5365 368 5440 sanguine,
392 5367 576 5426 visitantum
598 5369 747 5428 videretur
769 5373 935 5447 significare
988 5375 1075 5446 xxvi).
1093 5395 1106 5422 ιι
1123 5373 1204 5439 Quod
1218 5388 1285 5446 vero
1301 5372 1455 5428 subditur:
1474 5395 1487 5423 ιι
1504 5371 1537 5427 ιιι
1558 5367 1698 5426 habitavit
1719 5367 1748 5422 in
1764 5385 1815 5425 no-

118 5461 218 5522 semen,
233 5460 261 5514 et
270 5473 330 5514 non
342 5455 468 5530 pleniter
480 5459 556 5532 quod
568 5459 655 5517 vellet
665 5462 852 5534 exprimeret:
865 5482 933 5522 cum
988 5463 1043 5530 bis,
1058 5485 1071 5511 ιι
1087 5461 1122 5517 ad
1135 5459 1201 5517 illos
1211 5459 1374 5534 specialiter
1386 5459 1522 5533 partinet,
1539 5457 1647 5530 quibus
1663 5453 1817 5512 visibiliter

117 5551 175 5597 vero
188 5543 256 5602 dicit
271 5569 286 5597 ιι
303 5547 558 5622 exsanguinibus,
576 5571 591 5599 ιι
607 5549 659 5605 εἰει
676 5552 786 5624 pariter
800 5558 829 5611 et
850 5555 932 5611 senni-
988 5551 1134 5625 apparuit,
1159 5555 1188 5606 et
1208 5566 1275 5608 cum
1292 5551 1400 5624 quibus
1415 5547 1605 5622 corporaliter
1626 5547 1814 5602 conversatus

114 5643 153 5684 ne
167 5637 400 5709 conjunctionem
416 5638 552 5698 ostendit.
571 5637 653 5696 Unde
667 5657 703 5698 ne
723 5641 791 5720 εειε
807 5643 930 5702 interro-
988 5647 1041 5699 cst.
1058 5639 1218 5709 Velalitar,
1234 5665 1248 5692 ιι
1265 5640 1409 5698 ιιειιιιεειι
1424 5639 1451 5696 ιε
1477 5638 1573 5704 εειιιε,
1590 5659 1604 5686 ιι
1621 5639 1653 5692 ει
1667 5632 1811 5691 habitaro-
