<?xml version="1.0" encoding="UTF-8"?>
<!DOCTYPE html PUBLIC "-//W3C//DTD XHTML 1.0 Transitional//EN"
    "http://www.w3.org/TR/xhtml1/DTD/xhtml1-transitional.dtd">
<html xmlns="http://www.w3.org/1999/xhtml" xml:lang="en" lang="en">
 <head>
  <title>
</title>
<meta http-equiv="Content-Type" content="text/html;charset=utf-8" />
  <meta name='ocr-system' content='tesseract 3.04.00' />
  <meta name='ocr-capabilities' content='ocr_page ocr_carea ocr_par ocr_line ocrx_word'/>
</head>
<body>
  <div class='ocr_page' id='page_1' title='image "./patrologiaecurs109unkngoog_0511.png"; bbox 0 0 4034 6180; ppageno 0'>
   <div class='ocr_carea' id='block_1_1' title="bbox 161 285 1874 362">
    <p class='ocr_par' dir='ltr' id='par_1_1' title="bbox 161 285 1874 362">
     <span class='ocr_line' id='line_1_1' title="bbox 161 285 1874 362; baseline -0.006 0"><span class='ocrx_word' id='word_1_1' title='bbox 161 289 240 362; x_wconf 77' lang='lat' dir='ltr'>&#39;toll</span> <span class='ocrx_word' id='word_1_2' title='bbox 584 289 794 355; x_wconf 72' lang='lat' dir='ltr'>tuscanell</span> <span class='ocrx_word' id='word_1_3' title='bbox 817 285 1122 354; x_wconf 76' lang='lat' dir='ltr'>HAMBUltGliNSlS</span> <span class='ocrx_word' id='word_1_4' title='bbox 1143 285 1320 351; x_wconf 78' lang='lat' dir='ltr'>EPISGOPI</span> <span class='ocrx_word' id='word_1_5' title='bbox 1341 287 1445 352; x_wconf 73' lang='lat' dir='ltr'>virs.</span> <span class='ocrx_word' id='word_1_6' title='bbox 1795 286 1874 354; x_wconf 72' lang='lat' dir='ltr'>tols</span> 
     </span>
    </p>
   </div>
   <div class='ocr_carea' id='block_1_2' title="bbox 148 421 1878 4692">
    <p class='ocr_par' dir='ltr' id='par_1_2' title="bbox 148 421 1878 4692">
     <span class='ocr_line' id='line_1_2' title="bbox 164 421 1875 508; baseline -0.006 -16"><span class='ocrx_word' id='word_1_7' title='bbox 164 429 340 508; x_wconf 88' lang='lat' dir='ltr'>portandum</span> <span class='ocrx_word' id='word_1_8' title='bbox 349 427 456 488; x_wconf 83' lang='lat' dir='ltr'>Christi</span> <span class='ocrx_word' id='word_1_9' title='bbox 465 443 675 485; x_wconf 81' lang='lat' dir='ltr'>nomannorum</span> <span class='ocrx_word' id='word_1_10' title='bbox 684 425 894 500; x_wconf 80' lang='lat' dir='ltr'>gentihusoum</span> <span class='ocrx_word' id='word_1_11' title='bbox 904 422 989 480; x_wconf 87' lang='lat' dir='ltr'>bento</span> <span class='ocrx_word' id='word_1_12' title='bbox 1004 423 1031 493; x_wconf 68' lang='grc' dir='ltr'><strong>Α</strong></span> <span class='ocrx_word' id='word_1_13' title='bbox 1046 427 1075 480; x_wconf 89' lang='lat' dir='ltr'>et</span> <span class='ocrx_word' id='word_1_14' title='bbox 1089 421 1242 480; x_wconf 89' lang='lat' dir='ltr'>nuditate:</span> <span class='ocrx_word' id='word_1_15' title='bbox 1258 425 1363 496; x_wconf 81' lang='lat' dir='ltr'>prater</span> <span class='ocrx_word' id='word_1_16' title='bbox 1376 421 1426 479; x_wconf 91' lang='lat' dir='ltr'>illa</span> <span class='ocrx_word' id='word_1_17' title='bbox 1442 437 1506 496; x_wconf 81' lang='lat' dir='ltr'>que</span> <span class='ocrx_word' id='word_1_18' title='bbox 1519 421 1700 481; x_wconf 81' lang='lat' dir='ltr'>extrinsecus</span> <span class='ocrx_word' id='word_1_19' title='bbox 1714 426 1796 490; x_wconf 87' lang='lat' dir='ltr'>sunt,</span> <span class='ocrx_word' id='word_1_20' title='bbox 1811 423 1875 482; x_wconf 87' lang='lat' dir='ltr'>ins-</span> 
     </span>
     <span class='ocr_line' id='line_1_3' title="bbox 163 511 1878 598; baseline -0.006 -17"><span class='ocrx_word' id='word_1_21' title='bbox 163 522 296 598; x_wconf 90' lang='lat' dir='ltr'>apostolo</span> <span class='ocrx_word' id='word_1_22' title='bbox 325 519 414 578; x_wconf 90' lang='lat' dir='ltr'>Panlo</span> <span class='ocrx_word' id='word_1_23' title='bbox 441 518 617 592; x_wconf 89' lang='lat' dir='ltr'>deputatus;</span> <span class='ocrx_word' id='word_1_24' title='bbox 642 515 854 589; x_wconf 83' lang='lat' dir='ltr'>pascendarum</span> <span class='ocrx_word' id='word_1_25' title='bbox 882 513 991 570; x_wconf 76' lang='lat' dir='ltr'>Christi</span> <span class='ocrx_word' id='word_1_26' title='bbox 1040 511 1724 585; x_wconf 72' lang='lat' dir='ltr'>&#39;untiaejusquotidiana,sollioitudoomnium</span> <span class='ocrx_word' id='word_1_27' title='bbox 1734 512 1878 570; x_wconf 80' lang='lat' dir='ltr'>lloolesia-</span> 
     </span>
     <span class='ocr_line' id='line_1_4' title="bbox 163 601 1878 684; baseline -0.005 -14"><span class='ocrx_word' id='word_1_28' title='bbox 163 607 458 684; x_wconf 89' lang='lat' dir='ltr'>oviumpostmodum</span> <span class='ocrx_word' id='word_1_29' title='bbox 468 623 567 664; x_wconf 87' lang='lat' dir='ltr'>euram</span> <span class='ocrx_word' id='word_1_30' title='bbox 576 603 784 679; x_wconf 85' lang='lat' dir='ltr'>eumprinoipe</span> <span class='ocrx_word' id='word_1_31' title='bbox 792 602 990 677; x_wconf 87' lang='lat' dir='ltr'>apostolorum</span> <span class='ocrx_word' id='word_1_32' title='bbox 1045 619 1122 658; x_wconf 92' lang='lat' dir='ltr'>rum.</span> <span class='ocrx_word' id='word_1_33' title='bbox 1139 601 1210 668; x_wconf 82' lang='lat' dir='ltr'>Quis</span> <span class='ocrx_word' id='word_1_34' title='bbox 1225 601 1439 670; x_wconf 82' lang='lat' dir='ltr'>infirmabatur,</span> <span class='ocrx_word' id='word_1_35' title='bbox 1451 605 1479 658; x_wconf 88' lang='lat' dir='ltr'>et</span> <span class='ocrx_word' id='word_1_36' title='bbox 1493 601 1556 674; x_wconf 90' lang='lat' dir='ltr'>ipse</span> <span class='ocrx_word' id='word_1_37' title='bbox 1571 619 1629 659; x_wconf 91' lang='lat' dir='ltr'>non</span> <span class='ocrx_word' id='word_1_38' title='bbox 1645 602 1702 658; x_wconf 90' lang='lat' dir='ltr'>luit</span> <span class='ocrx_word' id='word_1_39' title='bbox 1716 603 1878 661; x_wconf 79' lang='lat' dir='ltr'>infirmus?</span> 
     </span>
     <span class='ocr_line' id='line_1_5' title="bbox 163 688 1876 772; baseline -0.005 -13"><span class='ocrx_word' id='word_1_40' title='bbox 163 702 248 758; x_wconf 89' lang='lat' dir='ltr'>Petro</span> <span class='ocrx_word' id='word_1_41' title='bbox 262 697 391 772; x_wconf 87' lang='lat' dir='ltr'>suseepit</span> <span class='ocrx_word' id='word_1_42' title='bbox 406 714 412 752; x_wconf 92' lang='lat'><strong>:</strong></span> <span class='ocrx_word' id='word_1_43' title='bbox 429 697 459 752; x_wconf 92' lang='lat' dir='ltr'>in</span> <span class='ocrx_word' id='word_1_44' title='bbox 475 712 532 769; x_wconf 92' lang='lat' dir='ltr'>quo</span> <span class='ocrx_word' id='word_1_45' title='bbox 556 692 698 768; x_wconf 81' lang='lat' dir='ltr'>regimine</span> <span class='ocrx_word' id='word_1_46' title='bbox 719 691 836 766; x_wconf 87' lang='lat' dir='ltr'>qualem</span> <span class='ocrx_word' id='word_1_47' title='bbox 852 708 882 748; x_wconf 89' lang='lat' dir='ltr'>se</span> <span class='ocrx_word' id='word_1_48' title='bbox 897 709 991 766; x_wconf 89' lang='lat' dir='ltr'>quan·</span> <span class='ocrx_word' id='word_1_49' title='bbox 1045 689 1111 764; x_wconf 90' lang='lat' dir='ltr'>quis</span> <span class='ocrx_word' id='word_1_50' title='bbox 1121 688 1384 757; x_wconf 86' lang='lat' dir='ltr'>seandalizabatur,</span> <span class='ocrx_word' id='word_1_51' title='bbox 1393 695 1422 746; x_wconf 91' lang='lat' dir='ltr'>et</span> <span class='ocrx_word' id='word_1_52' title='bbox 1431 690 1494 763; x_wconf 89' lang='lat' dir='ltr'>ipse</span> <span class='ocrx_word' id='word_1_53' title='bbox 1506 707 1563 747; x_wconf 90' lang='lat' dir='ltr'>non</span> <span class='ocrx_word' id='word_1_54' title='bbox 1573 691 1796 756; x_wconf 81' lang='lat' dir='ltr'>urebaturiQui</span> <span class='ocrx_word' id='word_1_55' title='bbox 1806 707 1876 766; x_wconf 89' lang='lat' dir='ltr'>ergo</span> 
     </span>
     <span class='ocr_line' id='line_1_6' title="bbox 161 779 1878 862; baseline -0.005 -16"><span class='ocrx_word' id='word_1_56' title='bbox 161 794 285 862; x_wconf 88' lang='lat' dir='ltr'>tumque</span> <span class='ocrx_word' id='word_1_57' title='bbox 295 783 528 853; x_wconf 82' lang='lat' dir='ltr'>exhibuerit,hoo</span> <span class='ocrx_word' id='word_1_58' title='bbox 539 781 584 839; x_wconf 89' lang='lat' dir='ltr'>vel</span> <span class='ocrx_word' id='word_1_59' title='bbox 596 780 721 838; x_wconf 81' lang='lat' dir='ltr'>maxime</span> <span class='ocrx_word' id='word_1_60' title='bbox 731 782 854 857; x_wconf 89' lang='lat' dir='ltr'>probare</span> <span class='ocrx_word' id='word_1_61' title='bbox 863 779 988 846; x_wconf 89' lang='lat' dir='ltr'>videtur,</span> <span class='ocrx_word' id='word_1_62' title='bbox 1044 782 1087 834; x_wconf 86' lang='lat' dir='ltr'>tot</span> <span class='ocrx_word' id='word_1_63' title='bbox 1100 796 1134 835; x_wconf 89' lang='lat' dir='ltr'>ao</span> <span class='ocrx_word' id='word_1_64' title='bbox 1147 779 1237 836; x_wconf 88' lang='lat' dir='ltr'>tantis</span> <span class='ocrx_word' id='word_1_65' title='bbox 1252 783 1297 836; x_wconf 90' lang='lat' dir='ltr'>est</span> <span class='ocrx_word' id='word_1_66' title='bbox 1311 795 1364 852; x_wconf 92' lang='lat' dir='ltr'>pro</span> <span class='ocrx_word' id='word_1_67' title='bbox 1379 779 1503 836; x_wconf 89' lang='lat' dir='ltr'>Domino</span> <span class='ocrx_word' id='word_1_68' title='bbox 1513 784 1543 836; x_wconf 91' lang='lat' dir='ltr'>et</span> <span class='ocrx_word' id='word_1_69' title='bbox 1552 780 1682 854; x_wconf 89' lang='lat' dir='ltr'>eorporis</span> <span class='ocrx_word' id='word_1_70' title='bbox 1693 780 1878 838; x_wconf 86' lang='lat' dir='ltr'>adversitati·</span> 
     </span>
     <span class='ocr_line' id='line_1_7' title="bbox 162 868 1876 952; baseline -0.005 -18"><span class='ocrx_word' id='word_1_71' title='bbox 162 878 242 952; x_wconf 92' lang='lat' dir='ltr'>quod</span> <span class='ocrx_word' id='word_1_72' title='bbox 257 876 333 933; x_wconf 85' lang='lat' dir='ltr'>inter</span> <span class='ocrx_word' id='word_1_73' title='bbox 347 873 451 931; x_wconf 86' lang='lat' dir='ltr'>eaelum</span> <span class='ocrx_word' id='word_1_74' title='bbox 466 877 496 929; x_wconf 89' lang='lat' dir='ltr'>et</span> <span class='ocrx_word' id='word_1_75' title='bbox 510 875 618 928; x_wconf 86' lang='lat' dir='ltr'>terram</span> <span class='ocrx_word' id='word_1_76' title='bbox 634 869 844 940; x_wconf 89' lang='lat' dir='ltr'>medius,inter</span> <span class='ocrx_word' id='word_1_77' title='bbox 854 870 946 927; x_wconf 90' lang='lat' dir='ltr'>Deum</span> <span class='ocrx_word' id='word_1_78' title='bbox 961 874 990 927; x_wconf 92' lang='lat' dir='ltr'>et</span> <span class='ocrx_word' id='word_1_79' title='bbox 1044 868 1110 938; x_wconf 89' lang='lat' dir='ltr'>bus,</span> <span class='ocrx_word' id='word_1_80' title='bbox 1126 871 1155 924; x_wconf 91' lang='lat' dir='ltr'>et</span> <span class='ocrx_word' id='word_1_81' title='bbox 1169 869 1261 924; x_wconf 91' lang='lat' dir='ltr'>animi</span> <span class='ocrx_word' id='word_1_82' title='bbox 1276 868 1397 926; x_wconf 80' lang='lat' dir='ltr'>estibus</span> <span class='ocrx_word' id='word_1_83' title='bbox 1420 872 1565 937; x_wconf 81' lang='lat' dir='ltr'>exooetus,</span> <span class='ocrx_word' id='word_1_84' title='bbox 1587 870 1736 941; x_wconf 90' lang='lat' dir='ltr'>quomodo</span> <span class='ocrx_word' id='word_1_85' title='bbox 1762 875 1876 943; x_wconf 66' lang='lat' dir='ltr'>madyr</span> 
     </span>
     <span class='ocr_line' id='line_1_8' title="bbox 161 957 1873 1040; baseline -0.004 -18"><span class='ocrx_word' id='word_1_86' title='bbox 161 964 328 1040; x_wconf 84' lang='lat' dir='ltr'>proximum</span> <span class='ocrx_word' id='word_1_87' title='bbox 339 967 499 1036; x_wconf 78' lang='lat' dir='ltr'><strong>sequester,</strong></span> <span class='ocrx_word' id='word_1_88' title='bbox 507 979 585 1018; x_wconf 89' lang='lat' dir='ltr'>nuno</span> <span class='ocrx_word' id='word_1_89' title='bbox 595 961 699 1019; x_wconf 79' lang='lat' dir='ltr'>divina</span> <span class='ocrx_word' id='word_1_90' title='bbox 710 960 816 1016; x_wconf 82' lang='lat' dir='ltr'>visioni</span> <span class='ocrx_word' id='word_1_91' title='bbox 826 964 855 1015; x_wconf 89' lang='lat' dir='ltr'>et</span> <span class='ocrx_word' id='word_1_92' title='bbox 864 958 989 1016; x_wconf 70' lang='lat' dir='ltr'>coelesti·</span> <span class='ocrx_word' id='word_1_93' title='bbox 1043 973 1107 1014; x_wconf 88' lang='lat' dir='ltr'>esse</span> <span class='ocrx_word' id='word_1_94' title='bbox 1114 957 1181 1029; x_wconf 89' lang='lat' dir='ltr'>jure</span> <span class='ocrx_word' id='word_1_95' title='bbox 1192 957 1368 1032; x_wconf 79' lang='lat' dir='ltr'><strong>negabitur?</strong></span> <span class='ocrx_word' id='word_1_96' title='bbox 1377 957 1450 1014; x_wconf 87' lang='lat' dir='ltr'>Nam</span> <span class='ocrx_word' id='word_1_97' title='bbox 1461 957 1486 1014; x_wconf 91' lang='lat' dir='ltr'>si</span> <span class='ocrx_word' id='word_1_98' title='bbox 1497 957 1626 1014; x_wconf 88' lang='lat' dir='ltr'>solavita</span> <span class='ocrx_word' id='word_1_99' title='bbox 1640 975 1693 1032; x_wconf 88' lang='lat' dir='ltr'>per</span> <span class='ocrx_word' id='word_1_100' title='bbox 1703 959 1873 1032; x_wconf 77' lang='lat' dir='ltr'>passionem</span> 
     </span>
     <span class='ocr_line' id='line_1_9' title="bbox 161 1045 1874 1121; baseline -0.003 -10"><span class='ocrx_word' id='word_1_101' title='bbox 161 1055 219 1112; x_wconf 91' lang='lat' dir='ltr'>bus</span> <span class='ocrx_word' id='word_1_102' title='bbox 226 1050 450 1110; x_wconf 84' lang='lat' dir='ltr'>revelationibus</span> <span class='ocrx_word' id='word_1_103' title='bbox 459 1047 923 1119; x_wconf 87' lang='lat' dir='ltr'>intererat,nunooommissorum</span> <span class='ocrx_word' id='word_1_104' title='bbox 932 1048 989 1104; x_wconf 93' lang='lat' dir='ltr'>sihi</span> <span class='ocrx_word' id='word_1_105' title='bbox 1043 1045 1200 1104; x_wconf 88' lang='lat' dir='ltr'>terminata</span> <span class='ocrx_word' id='word_1_106' title='bbox 1211 1045 1351 1120; x_wconf 82' lang='lat' dir='ltr'>martyrio</span> <span class='ocrx_word' id='word_1_107' title='bbox 1365 1047 1565 1120; x_wconf 65' lang='lat' dir='ltr'>deputaretur,</span> <span class='ocrx_word' id='word_1_108' title='bbox 1581 1063 1772 1121; x_wconf 90' lang='lat' dir='ltr'>nequaquam</span> <span class='ocrx_word' id='word_1_109' title='bbox 1792 1066 1874 1106; x_wconf 87' lang='lat' dir='ltr'>sanc-</span> 
     </span>
     <span class='ocr_line' id='line_1_10' title="bbox 162 1134 1872 1214; baseline -0.004 -14"><span class='ocrx_word' id='word_1_110' title='bbox 162 1147 245 1200; x_wconf 85' lang='lat' dir='ltr'>aotus</span> <span class='ocrx_word' id='word_1_111' title='bbox 253 1146 281 1198; x_wconf 88' lang='lat' dir='ltr'>et</span> <span class='ocrx_word' id='word_1_112' title='bbox 289 1141 379 1197; x_wconf 89' lang='lat' dir='ltr'>vitam</span> <span class='ocrx_word' id='word_1_113' title='bbox 390 1140 580 1214; x_wconf 75' lang='lat' dir='ltr'>disponebat:</span> <span class='ocrx_word' id='word_1_114' title='bbox 592 1139 628 1196; x_wconf 91' lang='lat' dir='ltr'>ad</span> <span class='ocrx_word' id='word_1_115' title='bbox 640 1138 813 1212; x_wconf 87' lang='lat' dir='ltr'>quasaotive</span> <span class='ocrx_word' id='word_1_116' title='bbox 823 1142 851 1194; x_wconf 88' lang='lat' dir='ltr'>et</span> <span class='ocrx_word' id='word_1_117' title='bbox 861 1141 989 1193; x_wconf 81' lang='lat' dir='ltr'>contem·</span> <span class='ocrx_word' id='word_1_118' title='bbox 1043 1139 1107 1193; x_wconf 87' lang='lat' dir='ltr'>tum</span> <span class='ocrx_word' id='word_1_119' title='bbox 1122 1135 1332 1210; x_wconf 74' lang='lat' dir='ltr'>evangelistam</span> <span class='ocrx_word' id='word_1_120' title='bbox 1346 1135 1488 1193; x_wconf 77' lang='lat' dir='ltr'>loannem</span> <span class='ocrx_word' id='word_1_121' title='bbox 1500 1134 1619 1194; x_wconf 87' lang='lat' dir='ltr'>oalioem</span> <span class='ocrx_word' id='word_1_122' title='bbox 1630 1153 1720 1193; x_wconf 90' lang='lat' dir='ltr'>suum</span> <span class='ocrx_word' id='word_1_123' title='bbox 1730 1139 1872 1194; x_wconf 84' lang='lat' dir='ltr'>Dominus</span> 
     </span>
     <span class='ocr_line' id='line_1_11' title="bbox 161 1224 1875 1304; baseline -0.002 -18"><span class='ocrx_word' id='word_1_124' title='bbox 161 1230 268 1304; x_wconf 87' lang='lat' dir='ltr'>plativa</span> <span class='ocrx_word' id='word_1_125' title='bbox 282 1230 415 1304; x_wconf 83' lang='lat' dir='ltr'>geminas</span> <span class='ocrx_word' id='word_1_126' title='bbox 431 1228 493 1286; x_wconf 87' lang='lat' dir='ltr'>alas</span> <span class='ocrx_word' id='word_1_127' title='bbox 509 1229 573 1286; x_wconf 89' lang='lat' dir='ltr'>ideo</span> <span class='ocrx_word' id='word_1_128' title='bbox 585 1229 647 1302; x_wconf 86' lang='lat' dir='ltr'>ipse</span> <span class='ocrx_word' id='word_1_129' title='bbox 660 1225 909 1300; x_wconf 84' lang='lat' dir='ltr'>sullioiebat‚quia</span> <span class='ocrx_word' id='word_1_130' title='bbox 919 1243 988 1283; x_wconf 90' lang='lat' dir='ltr'>eum</span> <span class='ocrx_word' id='word_1_131' title='bbox 1042 1224 1207 1280; x_wconf 90' lang='lat' dir='ltr'>bibiturum</span> <span class='ocrx_word' id='word_1_132' title='bbox 1217 1241 1282 1282; x_wconf 90' lang='lat' dir='ltr'>esse</span> <span class='ocrx_word' id='word_1_133' title='bbox 1292 1229 1458 1294; x_wconf 86' lang='lat' dir='ltr'>testaretur,</span> <span class='ocrx_word' id='word_1_134' title='bbox 1465 1241 1553 1298; x_wconf 84' lang='lat' dir='ltr'>quern</span> <span class='ocrx_word' id='word_1_135' title='bbox 1562 1225 1684 1283; x_wconf 89' lang='lat' dir='ltr'>minime</span> <span class='ocrx_word' id='word_1_136' title='bbox 1693 1225 1788 1282; x_wconf 88' lang='lat' dir='ltr'>vitam</span> <span class='ocrx_word' id='word_1_137' title='bbox 1800 1243 1875 1284; x_wconf 92' lang='lat' dir='ltr'>mar-</span> 
     </span>
     <span class='ocr_line' id='line_1_12' title="bbox 161 1313 1873 1392; baseline -0.002 -16"><span class='ocrx_word' id='word_1_138' title='bbox 161 1319 369 1377; x_wconf 87' lang='lat' dir='ltr'>mundioordes</span> <span class='ocrx_word' id='word_1_139' title='bbox 381 1318 437 1375; x_wconf 89' lang='lat' dir='ltr'>soli</span> <span class='ocrx_word' id='word_1_140' title='bbox 448 1319 533 1392; x_wconf 75' lang='lat' dir='ltr'>juxta</span> <span class='ocrx_word' id='word_1_141' title='bbox 548 1316 770 1392; x_wconf 81' lang='lat' dir='ltr'>livangeliorum</span> <span class='ocrx_word' id='word_1_142' title='bbox 784 1316 872 1372; x_wconf 89' lang='lat' dir='ltr'>iidem</span> <span class='ocrx_word' id='word_1_143' title='bbox 887 1315 988 1372; x_wconf 87' lang='lat' dir='ltr'>Domi-</span> <span class='ocrx_word' id='word_1_144' title='bbox 1042 1313 1255 1387; x_wconf 78' lang='lat' dir='ltr'>tyriollnivisse</span> <span class='ocrx_word' id='word_1_145' title='bbox 1264 1313 1513 1371; x_wconf 85' lang='lat' dir='ltr'>seimusProinde</span> <span class='ocrx_word' id='word_1_146' title='bbox 1523 1315 1548 1370; x_wconf 91' lang='lat' dir='ltr'>si</span> <span class='ocrx_word' id='word_1_147' title='bbox 1557 1313 1641 1372; x_wconf 88' lang='lat' dir='ltr'>illum</span> <span class='ocrx_word' id='word_1_148' title='bbox 1647 1315 1736 1388; x_wconf 86' lang='lat' dir='ltr'>juxta</span> <span class='ocrx_word' id='word_1_149' title='bbox 1745 1316 1873 1372; x_wconf 92' lang='lat' dir='ltr'>domini·</span> 
     </span>
     <span class='ocr_line' id='line_1_13' title="bbox 161 1402 1874 1482; baseline -0.004 -16"><span class='ocrx_word' id='word_1_150' title='bbox 161 1426 233 1467; x_wconf 89' lang='lat' dir='ltr'>num</span> <span class='ocrx_word' id='word_1_151' title='bbox 248 1409 405 1466; x_wconf 83' lang='lat' dir='ltr'>eradantur</span> <span class='ocrx_word' id='word_1_152' title='bbox 418 1406 591 1480; x_wconf 88' lang='lat' dir='ltr'>visuri,ipse</span> <span class='ocrx_word' id='word_1_153' title='bbox 600 1407 682 1482; x_wconf 85' lang='lat' dir='ltr'>virgo</span> <span class='ocrx_word' id='word_1_154' title='bbox 698 1405 735 1463; x_wconf 85' lang='lat' dir='ltr'>ab</span> <span class='ocrx_word' id='word_1_155' title='bbox 750 1421 783 1462; x_wconf 89' lang='lat' dir='ltr'>eo</span> <span class='ocrx_word' id='word_1_156' title='bbox 798 1405 987 1474; x_wconf 84' lang='lat' dir='ltr'>electus‚eum</span> <span class='ocrx_word' id='word_1_157' title='bbox 1043 1418 1108 1458; x_wconf 86' lang='lat' dir='ltr'>eam</span> <span class='ocrx_word' id='word_1_158' title='bbox 1119 1402 1295 1460; x_wconf 84' lang='lat' dir='ltr'>sententiam</span> <span class='ocrx_word' id='word_1_159' title='bbox 1306 1402 1717 1476; x_wconf 80' lang='lat' dir='ltr'>intermartyrumnumerum</span> <span class='ocrx_word' id='word_1_160' title='bbox 1727 1405 1874 1461; x_wconf 88' lang='lat' dir='ltr'>asoriben·</span> 
     </span>
     <span class='ocr_line' id='line_1_14' title="bbox 161 1491 1874 1569; baseline -0.001 -17"><span class='ocrx_word' id='word_1_161' title='bbox 161 1500 263 1553; x_wconf 84' lang='lat' dir='ltr'>senatu</span> <span class='ocrx_word' id='word_1_162' title='bbox 278 1493 411 1569; x_wconf 85' lang='lat' dir='ltr'>apostolo</span> <span class='ocrx_word' id='word_1_163' title='bbox 426 1497 455 1551; x_wconf 87' lang='lat' dir='ltr'>et</span> <span class='ocrx_word' id='word_1_164' title='bbox 469 1492 648 1568; x_wconf 85' lang='lat' dir='ltr'>evangelista</span> <span class='ocrx_word' id='word_1_165' title='bbox 661 1493 783 1560; x_wconf 85' lang='lat' dir='ltr'>loanne,</span> <span class='ocrx_word' id='word_1_166' title='bbox 798 1496 826 1549; x_wconf 92' lang='lat' dir='ltr'>et</span> <span class='ocrx_word' id='word_1_167' title='bbox 841 1495 938 1550; x_wconf 89' lang='lat' dir='ltr'>mente</span> <span class='ocrx_word' id='word_1_168' title='bbox 961 1495 991 1548; x_wconf 89' lang='lat' dir='ltr'>et</span> <span class='ocrx_word' id='word_1_169' title='bbox 1043 1492 1114 1547; x_wconf 90' lang='lat' dir='ltr'>dum</span> <span class='ocrx_word' id='word_1_170' title='bbox 1130 1507 1263 1549; x_wconf 88' lang='lat' dir='ltr'>essenon</span> <span class='ocrx_word' id='word_1_171' title='bbox 1279 1491 1460 1560; x_wconf 75' lang='lat' dir='ltr'>dubitamus,</span> <span class='ocrx_word' id='word_1_172' title='bbox 1472 1491 1508 1549; x_wconf 91' lang='lat' dir='ltr'>de</span> <span class='ocrx_word' id='word_1_173' title='bbox 1519 1508 1552 1548; x_wconf 90' lang='lat' dir='ltr'>eo</span> <span class='ocrx_word' id='word_1_174' title='bbox 1563 1509 1691 1566; x_wconf 90' lang='lat' dir='ltr'>quoque,</span> <span class='ocrx_word' id='word_1_175' title='bbox 1703 1509 1793 1566; x_wconf 88' lang='lat' dir='ltr'>quem</span> <span class='ocrx_word' id='word_1_176' title='bbox 1804 1511 1874 1567; x_wconf 71' lang='lat' dir='ltr'>prae</span> 
     </span>
     <span class='ocr_line' id='line_1_15' title="bbox 160 1577 1875 1659; baseline -0.001 -18"><span class='ocrx_word' id='word_1_177' title='bbox 160 1600 280 1659; x_wconf 81' lang='lat' dir='ltr'>corpore</span> <span class='ocrx_word' id='word_1_178' title='bbox 294 1583 375 1658; x_wconf 81' lang='lat' dir='ltr'>virgo</span> <span class='ocrx_word' id='word_1_179' title='bbox 391 1583 420 1640; x_wconf 91' lang='lat' dir='ltr'>in</span> <span class='ocrx_word' id='word_1_180' title='bbox 437 1600 530 1640; x_wconf 76' lang='lat' dir='ltr'>evum</span> <span class='ocrx_word' id='word_1_181' title='bbox 546 1582 708 1657; x_wconf 74' lang='lat' dir='ltr'>permansit</span> <span class='ocrx_word' id='word_1_182' title='bbox 719 1600 725 1651; x_wconf 92' lang='lat'>;</span> <span class='ocrx_word' id='word_1_183' title='bbox 738 1585 767 1640; x_wconf 91' lang='lat' dir='ltr'>et</span> <span class='ocrx_word' id='word_1_184' title='bbox 775 1585 857 1638; x_wconf 85' lang='lat' dir='ltr'>tanta</span> <span class='ocrx_word' id='word_1_185' title='bbox 869 1581 990 1656; x_wconf 92' lang='lat' dir='ltr'>insuper</span> <span class='ocrx_word' id='word_1_186' title='bbox 1043 1577 1191 1651; x_wconf 88' lang='lat' dir='ltr'>misimus,</span> <span class='ocrx_word' id='word_1_187' title='bbox 1199 1584 1300 1636; x_wconf 88' lang='lat' dir='ltr'>saneto</span> <span class='ocrx_word' id='word_1_188' title='bbox 1307 1580 1432 1653; x_wconf 84' lang='lat' dir='ltr'>pleneao</span> <span class='ocrx_word' id='word_1_189' title='bbox 1444 1581 1527 1638; x_wconf 89' lang='lat' dir='ltr'>beato</span> <span class='ocrx_word' id='word_1_190' title='bbox 1537 1580 1698 1640; x_wconf 76' lang='lat' dir='ltr'>admodum</span> <span class='ocrx_word' id='word_1_191' title='bbox 1708 1581 1771 1639; x_wconf 85' lang='lat' dir='ltr'>viro</span> <span class='ocrx_word' id='word_1_192' title='bbox 1781 1583 1875 1640; x_wconf 91' lang='lat' dir='ltr'>omni·</span> 
     </span>
     <span class='ocr_line' id='line_1_16' title="bbox 161 1669 1875 1746; baseline 0 -18"><span class='ocrx_word' id='word_1_193' title='bbox 161 1672 196 1728; x_wconf 88' lang='lat' dir='ltr'>ad</span> <span class='ocrx_word' id='word_1_194' title='bbox 207 1675 328 1730; x_wconf 86' lang='lat' dir='ltr'>ouuotos</span> <span class='ocrx_word' id='word_1_195' title='bbox 339 1671 480 1728; x_wconf 85' lang='lat' dir='ltr'>ebaritate</span> <span class='ocrx_word' id='word_1_196' title='bbox 490 1671 693 1738; x_wconf 88' lang='lat' dir='ltr'>tenebatur,ul</span> <span class='ocrx_word' id='word_1_197' title='bbox 708 1687 775 1728; x_wconf 87' lang='lat' dir='ltr'>oum</span> <span class='ocrx_word' id='word_1_198' title='bbox 790 1671 875 1728; x_wconf 88' lang='lat' dir='ltr'>heato</span> <span class='ocrx_word' id='word_1_199' title='bbox 890 1675 989 1744; x_wconf 91' lang='lat' dir='ltr'>proto·</span> <span class='ocrx_word' id='word_1_200' title='bbox 1044 1684 1081 1723; x_wconf 87' lang='lat' dir='ltr'>no</span> <span class='ocrx_word' id='word_1_201' title='bbox 1100 1669 1247 1742; x_wconf 82' lang='lat' dir='ltr'>ambigere</span> <span class='ocrx_word' id='word_1_202' title='bbox 1261 1686 1319 1726; x_wconf 94' lang='lat' dir='ltr'>non</span> <span class='ocrx_word' id='word_1_203' title='bbox 1332 1670 1485 1728; x_wconf 88' lang='lat' dir='ltr'>debemus.</span> <span class='ocrx_word' id='word_1_204' title='bbox 1503 1670 1613 1744; x_wconf 81' lang='lat' dir='ltr'>Martyr</span> <span class='ocrx_word' id='word_1_205' title='bbox 1624 1670 1703 1727; x_wconf 90' lang='lat' dir='ltr'>enim</span> <span class='ocrx_word' id='word_1_206' title='bbox 1720 1671 1787 1741; x_wconf 82' lang='lat' dir='ltr'>luit,</span> <span class='ocrx_word' id='word_1_207' title='bbox 1804 1671 1875 1746; x_wconf 86' lang='lat' dir='ltr'>quia</span> 
     </span>
     <span class='ocr_line' id='line_1_17' title="bbox 161 1757 1875 1835; baseline -0.001 -17"><span class='ocrx_word' id='word_1_208' title='bbox 161 1764 288 1835; x_wconf 79' lang='lat' dir='ltr'>martyre</span> <span class='ocrx_word' id='word_1_209' title='bbox 298 1761 444 1834; x_wconf 81' lang='lat' dir='ltr'>Stephano</span> <span class='ocrx_word' id='word_1_210' title='bbox 454 1761 543 1818; x_wconf 87' lang='lat' dir='ltr'>etiam</span> <span class='ocrx_word' id='word_1_211' title='bbox 554 1765 651 1818; x_wconf 86' lang='lat' dir='ltr'>oraret</span> <span class='ocrx_word' id='word_1_212' title='bbox 661 1777 712 1833; x_wconf 94' lang='lat' dir='ltr'>pro</span> <span class='ocrx_word' id='word_1_213' title='bbox 723 1759 988 1834; x_wconf 88' lang='lat' dir='ltr'>suisperseoutori·</span> <span class='ocrx_word' id='word_1_214' title='bbox 1040 1757 1875 1833; x_wconf 82' lang='lat' dir='ltr'>juxtahpostolnmelipsimundusetillemundoeruoi·</span> 
     </span>
     <span class='ocr_line' id='line_1_18' title="bbox 159 1845 1873 1922; baseline 0 -15"><span class='ocrx_word' id='word_1_215' title='bbox 159 1851 226 1908; x_wconf 82' lang='lat' dir='ltr'>bus.</span> <span class='ocrx_word' id='word_1_216' title='bbox 236 1848 258 1906; x_wconf 93' lang='grc' dir='ltr'><strong>Ο</strong></span> <span class='ocrx_word' id='word_1_217' title='bbox 268 1849 461 1918; x_wconf 74' lang='lat' dir='ltr'>verebeatunr</span> <span class='ocrx_word' id='word_1_218' title='bbox 478 1853 506 1908; x_wconf 90' lang='lat' dir='ltr'>et</span> <span class='ocrx_word' id='word_1_219' title='bbox 516 1848 596 1905; x_wconf 90' lang='lat' dir='ltr'>omni</span> <span class='ocrx_word' id='word_1_220' title='bbox 610 1848 708 1905; x_wconf 90' lang='lat' dir='ltr'>laudis</span> <span class='ocrx_word' id='word_1_221' title='bbox 723 1849 866 1922; x_wconf 76' lang='lat' dir='ltr'>praeconio</span> <span class='ocrx_word' id='word_1_222' title='bbox 880 1847 991 1921; x_wconf 85' lang='lat' dir='ltr'>dignis·</span> <span class='ocrx_word' id='word_1_223' title='bbox 1044 1845 1120 1901; x_wconf 87' lang='lat' dir='ltr'>fixus</span> <span class='ocrx_word' id='word_1_224' title='bbox 1130 1847 1317 1920; x_wconf 78' lang='lat' dir='ltr'>eratMartyr</span> <span class='ocrx_word' id='word_1_225' title='bbox 1329 1846 1873 1921; x_wconf 70' lang='lat' dir='ltr'>luit‚qniainterdiaboliteammenta,</span> 
     </span>
     <span class='ocr_line' id='line_1_19' title="bbox 162 1933 1872 2012; baseline 0.001 -17"><span class='ocrx_word' id='word_1_226' title='bbox 162 1939 271 1996; x_wconf 90' lang='lat' dir='ltr'>simum</span> <span class='ocrx_word' id='word_1_227' title='bbox 281 1937 388 2004; x_wconf 89' lang='lat' dir='ltr'>virum,</span> <span class='ocrx_word' id='word_1_228' title='bbox 397 1954 484 2011; x_wconf 89' lang='lat' dir='ltr'>quem</span> <span class='ocrx_word' id='word_1_229' title='bbox 493 1937 583 1994; x_wconf 87' lang='lat' dir='ltr'>talem</span> <span class='ocrx_word' id='word_1_230' title='bbox 594 1954 627 1994; x_wconf 90' lang='lat' dir='ltr'>ao</span> <span class='ocrx_word' id='word_1_231' title='bbox 639 1940 754 1994; x_wconf 90' lang='lat' dir='ltr'>tantum</span> <span class='ocrx_word' id='word_1_232' title='bbox 767 1937 886 2004; x_wconf 87' lang='lat' dir='ltr'>imitari,</span> <span class='ocrx_word' id='word_1_233' title='bbox 900 1953 988 2010; x_wconf 87' lang='lat' dir='ltr'>quern</span> <span class='ocrx_word' id='word_1_234' title='bbox 1044 1933 1120 1991; x_wconf 90' lang='lat' dir='ltr'>inter</span> <span class='ocrx_word' id='word_1_235' title='bbox 1134 1935 1231 1993; x_wconf 86' lang='lat' dir='ltr'>earnis</span> <span class='ocrx_word' id='word_1_236' title='bbox 1244 1934 1406 2006; x_wconf 76' lang='lat' dir='ltr'>illecebras,</span> <span class='ocrx_word' id='word_1_237' title='bbox 1418 1936 1493 1993; x_wconf 89' lang='lat' dir='ltr'>inter</span> <span class='ocrx_word' id='word_1_238' title='bbox 1507 1941 1714 2011; x_wconf 78' lang='lat' dir='ltr'>persequentes</span> <span class='ocrx_word' id='word_1_239' title='bbox 1726 1954 1872 2012; x_wconf 79' lang='lat' dir='ltr'>paganos,</span> 
     </span>
     <span class='ocr_line' id='line_1_20' title="bbox 163 2021 1870 2099; baseline 0.002 -17"><span class='ocrx_word' id='word_1_240' title='bbox 163 2026 261 2083; x_wconf 91' lang='lat' dir='ltr'>solum</span> <span class='ocrx_word' id='word_1_241' title='bbox 276 2025 481 2098; x_wconf 88' lang='lat' dir='ltr'>plurimorum,</span> <span class='ocrx_word' id='word_1_242' title='bbox 493 2029 536 2084; x_wconf 89' lang='lat' dir='ltr'>tot</span> <span class='ocrx_word' id='word_1_243' title='bbox 550 2026 639 2082; x_wconf 92' lang='lat' dir='ltr'>simul</span> <span class='ocrx_word' id='word_1_244' title='bbox 650 2025 757 2084; x_wconf 89' lang='lat' dir='ltr'>habere</span> <span class='ocrx_word' id='word_1_245' title='bbox 767 2027 888 2083; x_wconf 90' lang='lat' dir='ltr'>virtutes</span> <span class='ocrx_word' id='word_1_246' title='bbox 899 2026 990 2083; x_wconf 85' lang='lat' dir='ltr'>conti·</span> <span class='ocrx_word' id='word_1_247' title='bbox 1043 2021 1120 2079; x_wconf 88' lang='lat' dir='ltr'>iuter</span> <span class='ocrx_word' id='word_1_248' title='bbox 1133 2021 1308 2082; x_wconf 85' lang='lat' dir='ltr'>obsistentes</span> <span class='ocrx_word' id='word_1_249' title='bbox 1322 2023 1501 2081; x_wconf 85' lang='lat' dir='ltr'>Christianos</span> <span class='ocrx_word' id='word_1_250' title='bbox 1513 2040 1629 2097; x_wconf 86' lang='lat' dir='ltr'>semper</span> <span class='ocrx_word' id='word_1_251' title='bbox 1642 2025 1870 2099; x_wconf 78' lang='lat' dir='ltr'>imperterritus,</span> 
     </span>
     <span class='ocr_line' id='line_1_21' title="bbox 162 2110 1871 2190; baseline 0.003 -21"><span class='ocrx_word' id='word_1_252' title='bbox 162 2112 224 2187; x_wconf 77' lang='lat' dir='ltr'>gill</span> <span class='ocrx_word' id='word_1_253' title='bbox 241 2113 290 2186; x_wconf 90' lang='lat' dir='ltr'>qui</span> <span class='ocrx_word' id='word_1_254' title='bbox 306 2116 403 2170; x_wconf 88' lang='lat' dir='ltr'>mente</span> <span class='ocrx_word' id='word_1_255' title='bbox 419 2117 539 2172; x_wconf 87' lang='lat' dir='ltr'>sanetus</span> <span class='ocrx_word' id='word_1_256' title='bbox 554 2117 583 2170; x_wconf 89' lang='lat' dir='ltr'>et</span> <span class='ocrx_word' id='word_1_257' title='bbox 597 2131 717 2190; x_wconf 82' lang='lat' dir='ltr'>corpore</span> <span class='ocrx_word' id='word_1_258' title='bbox 732 2119 920 2182; x_wconf 74' lang='lat' dir='ltr'>cantassem</span> <span class='ocrx_word' id='word_1_259' title='bbox 935 2114 990 2172; x_wconf 87' lang='lat' dir='ltr'>vir·</span> <span class='ocrx_word' id='word_1_260' title='bbox 1042 2110 1250 2180; x_wconf 83' lang='lat' dir='ltr'>stimmobilis,</span> <span class='ocrx_word' id='word_1_261' title='bbox 1258 2117 1286 2169; x_wconf 89' lang='lat' dir='ltr'>et</span> <span class='ocrx_word' id='word_1_262' title='bbox 1294 2112 1420 2170; x_wconf 83' lang='lat' dir='ltr'>invictus</span> <span class='ocrx_word' id='word_1_263' title='bbox 1431 2113 1577 2171; x_wconf 75' lang='lat' dir='ltr'>inchristi</span> <span class='ocrx_word' id='word_1_264' title='bbox 1585 2113 1769 2172; x_wconf 85' lang='lat' dir='ltr'>noniessions</span> <span class='ocrx_word' id='word_1_265' title='bbox 1777 2133 1871 2190; x_wconf 88' lang='lat' dir='ltr'>usque</span> 
     </span>
     <span class='ocr_line' id='line_1_22' title="bbox 161 2199 1870 2277; baseline 0 -19"><span class='ocrx_word' id='word_1_266' title='bbox 161 2201 280 2276; x_wconf 85' lang='lat' dir='ltr'>ginihus</span> <span class='ocrx_word' id='word_1_267' title='bbox 288 2219 408 2276; x_wconf 86' lang='lat' dir='ltr'>agnum,</span> <span class='ocrx_word' id='word_1_268' title='bbox 418 2219 593 2277; x_wconf 85' lang='lat' dir='ltr'>quoeunque</span> <span class='ocrx_word' id='word_1_269' title='bbox 604 2203 679 2273; x_wconf 88' lang='lat' dir='ltr'>ierit,</span> <span class='ocrx_word' id='word_1_270' title='bbox 687 2203 900 2277; x_wconf 79' lang='lat' dir='ltr'>sequeturtqui</span> <span class='ocrx_word' id='word_1_271' title='bbox 913 2221 989 2261; x_wconf 89' lang='lat' dir='ltr'>sem-</span> <span class='ocrx_word' id='word_1_272' title='bbox 1042 2199 1079 2256; x_wconf 91' lang='lat' dir='ltr'>ad</span> <span class='ocrx_word' id='word_1_273' title='bbox 1095 2201 1203 2257; x_wconf 83' lang='lat' dir='ltr'>exitum</span> <span class='ocrx_word' id='word_1_274' title='bbox 1219 2201 1282 2256; x_wconf 77' lang='lat' dir='ltr'>vita</span> <span class='ocrx_word' id='word_1_275' title='bbox 1306 2202 1478 2274; x_wconf 82' lang='lat' dir='ltr'>permansit.</span> <span class='ocrx_word' id='word_1_276' title='bbox 1495 2203 1604 2277; x_wconf 75' lang='lat' dir='ltr'>Martvr</span> <span class='ocrx_word' id='word_1_277' title='bbox 1626 2203 1692 2276; x_wconf 85' lang='lat' dir='ltr'>luit,</span> <span class='ocrx_word' id='word_1_278' title='bbox 1708 2205 1870 2276; x_wconf 78' lang='lat' dir='ltr'>quisdam</span> 
     </span>
     <span class='ocr_line' id='line_1_23' title="bbox 161 2291 1871 2368; baseline 0.002 -20"><span class='ocrx_word' id='word_1_279' title='bbox 161 2308 214 2364; x_wconf 93' lang='lat' dir='ltr'>per</span> <span class='ocrx_word' id='word_1_280' title='bbox 234 2291 264 2347; x_wconf 92' lang='lat' dir='ltr'>in</span> <span class='ocrx_word' id='word_1_281' title='bbox 288 2291 470 2348; x_wconf 87' lang='lat' dir='ltr'>oonlessione</span> <span class='ocrx_word' id='word_1_282' title='bbox 493 2292 601 2349; x_wconf 84' lang='lat' dir='ltr'>Christi</span> <span class='ocrx_word' id='word_1_283' title='bbox 617 2309 805 2366; x_wconf 85' lang='lat' dir='ltr'>perseverans</span> <span class='ocrx_word' id='word_1_284' title='bbox 826 2293 987 2368; x_wconf 78' lang='lat' dir='ltr'>gloriosum</span> <span class='ocrx_word' id='word_1_285' title='bbox 1042 2299 1137 2364; x_wconf 73' lang='grc' dir='ltr'><strong>μάρτυρ</strong></span> <span class='ocrx_word' id='word_1_286' title='bbox 1152 2293 1225 2348; x_wconf 77' lang='lat' dir='ltr'>uste</span> <span class='ocrx_word' id='word_1_287' title='bbox 1250 2291 1374 2360; x_wconf 89' lang='lat' dir='ltr'>dioatur,</span> <span class='ocrx_word' id='word_1_288' title='bbox 1400 2291 1463 2365; x_wconf 91' lang='lat' dir='ltr'>ipse</span> <span class='ocrx_word' id='word_1_289' title='bbox 1484 2291 1573 2349; x_wconf 91' lang='lat' dir='ltr'>divini</span> <span class='ocrx_word' id='word_1_290' title='bbox 1598 2309 1716 2366; x_wconf 88' lang='lat' dir='ltr'>semper</span> <span class='ocrx_word' id='word_1_291' title='bbox 1735 2295 1826 2362; x_wconf 85' lang='lat' dir='ltr'>verbi,</span> <span class='ocrx_word' id='word_1_292' title='bbox 1843 2299 1871 2352; x_wconf 88' lang='lat' dir='ltr'>et</span> 
     </span>
     <span class='ocr_line' id='line_1_24' title="bbox 161 2379 1870 2456; baseline 0.002 -20"><span class='ocrx_word' id='word_1_293' title='bbox 161 2379 321 2436; x_wconf 89' lang='lat' dir='ltr'>admodum</span> <span class='ocrx_word' id='word_1_294' title='bbox 338 2380 412 2436; x_wconf 84' lang='lat' dir='ltr'>inter</span> <span class='ocrx_word' id='word_1_295' title='bbox 426 2381 608 2438; x_wconf 79' lang='lat' dir='ltr'>consessores</span> <span class='ocrx_word' id='word_1_296' title='bbox 623 2381 718 2438; x_wconf 88' lang='lat' dir='ltr'>loeurn</span> <span class='ocrx_word' id='word_1_297' title='bbox 734 2381 874 2438; x_wconf 89' lang='lat' dir='ltr'>habebit:</span> <span class='ocrx_word' id='word_1_298' title='bbox 891 2381 987 2456; x_wconf 90' lang='lat' dir='ltr'>quiin</span> <span class='ocrx_word' id='word_1_299' title='bbox 1042 2379 1203 2436; x_wconf 75' lang='lat' dir='ltr'>christiferi</span> <span class='ocrx_word' id='word_1_300' title='bbox 1221 2381 1349 2438; x_wconf 88' lang='lat' dir='ltr'>nominis</span> <span class='ocrx_word' id='word_1_301' title='bbox 1364 2381 1474 2439; x_wconf 86' lang='lat' dir='ltr'>exstitit</span> <span class='ocrx_word' id='word_1_302' title='bbox 1489 2380 1584 2440; x_wconf 88' lang='lat' dir='ltr'>testis.</span> <span class='ocrx_word' id='word_1_303' title='bbox 1609 2385 1672 2449; x_wconf 86' lang='lat' dir='ltr'>Qua</span> <span class='ocrx_word' id='word_1_304' title='bbox 1687 2382 1718 2438; x_wconf 93' lang='lat' dir='ltr'>in</span> <span class='ocrx_word' id='word_1_305' title='bbox 1734 2399 1766 2440; x_wconf 89' lang='lat' dir='ltr'>re</span> <span class='ocrx_word' id='word_1_306' title='bbox 1785 2399 1870 2440; x_wconf 89' lang='lat' dir='ltr'>nemo</span> 
     </span>
     <span class='ocr_line' id='line_1_25' title="bbox 161 2466 1870 2546; baseline 0.003 -22"><span class='ocrx_word' id='word_1_307' title='bbox 161 2467 281 2524; x_wconf 90' lang='lat' dir='ltr'>sublimi</span> <span class='ocrx_word' id='word_1_308' title='bbox 298 2466 348 2524; x_wconf 92' lang='lat' dir='ltr'>illa</span> <span class='ocrx_word' id='word_1_309' title='bbox 361 2485 428 2524; x_wconf 89' lang='lat' dir='ltr'>oum</span> <span class='ocrx_word' id='word_1_310' title='bbox 442 2469 582 2541; x_wconf 87' lang='lat' dir='ltr'>apostolis</span> <span class='ocrx_word' id='word_1_311' title='bbox 592 2469 727 2541; x_wconf 80' lang='lat' dir='ltr'>judicum</span> <span class='ocrx_word' id='word_1_312' title='bbox 743 2471 811 2528; x_wconf 89' lang='lat' dir='ltr'>sede</span> <span class='ocrx_word' id='word_1_313' title='bbox 825 2469 855 2526; x_wconf 92' lang='lat' dir='ltr'>in</span> <span class='ocrx_word' id='word_1_314' title='bbox 871 2485 988 2544; x_wconf 77' lang='lat' dir='ltr'>regene-</span> <span class='ocrx_word' id='word_1_315' title='bbox 1042 2468 1165 2524; x_wconf 89' lang='lat' dir='ltr'>miretur</span> <span class='ocrx_word' id='word_1_316' title='bbox 1179 2485 1246 2526; x_wconf 88' lang='lat' dir='ltr'>oum</span> <span class='ocrx_word' id='word_1_317' title='bbox 1262 2470 1297 2526; x_wconf 90' lang='lat' dir='ltr'>ad</span> <span class='ocrx_word' id='word_1_318' title='bbox 1313 2470 1379 2540; x_wconf 88' lang='lat' dir='ltr'>hoo,</span> <span class='ocrx_word' id='word_1_319' title='bbox 1404 2469 1482 2545; x_wconf 91' lang='lat' dir='ltr'>quod</span> <span class='ocrx_word' id='word_1_320' title='bbox 1507 2487 1624 2529; x_wconf 91' lang='lat' dir='ltr'>summo</span> <span class='ocrx_word' id='word_1_321' title='bbox 1646 2472 1711 2546; x_wconf 88' lang='lat' dir='ltr'>ipse</span> <span class='ocrx_word' id='word_1_322' title='bbox 1725 2472 1870 2530; x_wconf 91' lang='lat' dir='ltr'>desiderio</span> 
     </span>
     <span class='ocr_line' id='line_1_26' title="bbox 154 2555 1868 2636; baseline 0.002 -21"><span class='ocrx_word' id='word_1_323' title='bbox 154 2555 274 2615; x_wconf 61' lang='lat' dir='ltr'>⁴ratione</span> <span class='ocrx_word' id='word_1_324' title='bbox 289 2570 427 2612; x_wconf 89' lang='lat' dir='ltr'>sessurus</span> <span class='ocrx_word' id='word_1_325' title='bbox 441 2560 495 2626; x_wconf 89' lang='lat' dir='ltr'>est,</span> <span class='ocrx_word' id='word_1_326' title='bbox 511 2573 545 2613; x_wconf 88' lang='lat' dir='ltr'>an</span> <span class='ocrx_word' id='word_1_327' title='bbox 560 2559 715 2628; x_wconf 90' lang='lat' dir='ltr'>mundum,</span> <span class='ocrx_word' id='word_1_328' title='bbox 732 2575 819 2633; x_wconf 89' lang='lat' dir='ltr'>quem</span> <span class='ocrx_word' id='word_1_329' title='bbox 834 2561 987 2631; x_wconf 81' lang='lat' dir='ltr'>contemp·</span> <span class='ocrx_word' id='word_1_330' title='bbox 1042 2557 1170 2630; x_wconf 87' lang='lat' dir='ltr'>optabat,</span> <span class='ocrx_word' id='word_1_331' title='bbox 1185 2562 1214 2614; x_wconf 87' lang='lat' dir='ltr'>et</span> <span class='ocrx_word' id='word_1_332' title='bbox 1229 2559 1285 2615; x_wconf 92' lang='lat' dir='ltr'>sibi</span> <span class='ocrx_word' id='word_1_333' title='bbox 1302 2559 1512 2633; x_wconf 88' lang='lat' dir='ltr'>repromissum</span> <span class='ocrx_word' id='word_1_334' title='bbox 1537 2562 1671 2634; x_wconf 87' lang='lat' dir='ltr'>putabat,</span> <span class='ocrx_word' id='word_1_335' title='bbox 1692 2561 1868 2636; x_wconf 82' lang='lat' dir='ltr'>martyrium</span> 
     </span>
     <span class='ocr_line' id='line_1_27' title="bbox 162 2643 1871 2723; baseline 0.005 -23"><span class='ocrx_word' id='word_1_336' title='bbox 162 2647 250 2713; x_wconf 87' lang='lat' dir='ltr'>serat,</span> <span class='ocrx_word' id='word_1_337' title='bbox 271 2643 471 2720; x_wconf 83' lang='lat' dir='ltr'>judicaturus,</span> <span class='ocrx_word' id='word_1_338' title='bbox 487 2651 516 2702; x_wconf 90' lang='lat' dir='ltr'>et</span> <span class='ocrx_word' id='word_1_339' title='bbox 530 2663 598 2703; x_wconf 90' lang='lat' dir='ltr'>eum</span> <span class='ocrx_word' id='word_1_340' title='bbox 614 2646 791 2722; x_wconf 83' lang='lat' dir='ltr'>martyribus</span> <span class='ocrx_word' id='word_1_341' title='bbox 802 2646 925 2722; x_wconf 80' lang='lat' dir='ltr'>justitie</span> <span class='ocrx_word' id='word_1_342' title='bbox 939 2664 986 2704; x_wconf 89' lang='lat' dir='ltr'>eo·</span> <span class='ocrx_word' id='word_1_343' title='bbox 1041 2661 1099 2702; x_wconf 89' lang='lat' dir='ltr'>uon</span> <span class='ocrx_word' id='word_1_344' title='bbox 1115 2648 1281 2720; x_wconf 89' lang='lat' dir='ltr'>pervenisse</span> <span class='ocrx_word' id='word_1_345' title='bbox 1294 2667 1301 2717; x_wconf 91' lang='grc'>;</span> <span class='ocrx_word' id='word_1_346' title='bbox 1318 2648 1388 2721; x_wconf 90' lang='lat' dir='ltr'>quia</span> <span class='ocrx_word' id='word_1_347' title='bbox 1402 2666 1454 2706; x_wconf 90' lang='lat' dir='ltr'>neo</span> <span class='ocrx_word' id='word_1_348' title='bbox 1469 2650 1524 2707; x_wconf 91' lang='lat' dir='ltr'>hoo</span> <span class='ocrx_word' id='word_1_349' title='bbox 1536 2649 1598 2706; x_wconf 83' lang='lat' dir='ltr'>sib&#39;r</span> <span class='ocrx_word' id='word_1_350' title='bbox 1607 2647 1772 2723; x_wconf 81' lang='lat' dir='ltr'>pollicitum</span> <span class='ocrx_word' id='word_1_351' title='bbox 1783 2652 1871 2723; x_wconf 82' lang='lat' dir='ltr'>juxta</span> 
     </span>
     <span class='ocr_line' id='line_1_28' title="bbox 159 2732 1871 2812; baseline 0.005 -23"><span class='ocrx_word' id='word_1_352' title='bbox 159 2749 262 2790; x_wconf 91' lang='lat' dir='ltr'>ronam</span> <span class='ocrx_word' id='word_1_353' title='bbox 277 2737 306 2790; x_wconf 88' lang='lat' dir='ltr'>et</span> <span class='ocrx_word' id='word_1_354' title='bbox 319 2732 448 2806; x_wconf 81' lang='lat' dir='ltr'>palmam</span> <span class='ocrx_word' id='word_1_355' title='bbox 464 2735 595 2808; x_wconf 83' lang='lat' dir='ltr'>martyrii</span> <span class='ocrx_word' id='word_1_356' title='bbox 613 2736 782 2810; x_wconf 86' lang='lat' dir='ltr'>adepturus.</span> <span class='ocrx_word' id='word_1_357' title='bbox 1041 2732 1130 2808; x_wconf 86' lang='lat' dir='ltr'>hujus</span> <span class='ocrx_word' id='word_1_358' title='bbox 1146 2735 1274 2794; x_wconf 88' lang='lat' dir='ltr'>nominis</span> <span class='ocrx_word' id='word_1_359' title='bbox 1291 2738 1561 2812; x_wconf 86' lang='lat' dir='ltr'>interpretationem</span> <span class='ocrx_word' id='word_1_360' title='bbox 1576 2739 1729 2812; x_wconf 89' lang='lat' dir='ltr'>probatur.</span> <span class='ocrx_word' id='word_1_361' title='bbox 1746 2740 1780 2796; x_wconf 80' lang='lat' dir='ltr'>Et</span> <span class='ocrx_word' id='word_1_362' title='bbox 1793 2744 1871 2797; x_wconf 84' lang='lat' dir='ltr'>nerto</span> 
     </span>
     <span class='ocr_line' id='line_1_29' title="bbox 439 2827 1872 2991; baseline 0.005 -24"><span class='ocrx_word' id='word_1_363' title='bbox 439 2876 544 2949; x_wconf 75' lang='lat' dir='ltr'>ver</span> <span class='ocrx_word' id='word_1_364' title='bbox 558 2877 699 2950; x_wconf 68' lang='lat' dir='ltr'>iuue-</span> <span class='ocrx_word' id='word_1_365' title='bbox 1040 2827 1872 2991; x_wconf 51' lang='lat' dir='ltr'>{sitiitattitulattttttttttttftt</span> 
     </span>
     <span class='ocr_line' id='line_1_30' title="bbox 195 3002 1870 3083; baseline 0.003 -24"><span class='ocrx_word' id='word_1_366' title='bbox 195 3009 241 3064; x_wconf 88' lang='grc'>73.</span> <span class='ocrx_word' id='word_1_367' title='bbox 258 3007 388 3082; x_wconf 75' lang='lat' dir='ltr'>Martyrii</span> <span class='ocrx_word' id='word_1_368' title='bbox 402 3007 461 3067; x_wconf 80' lang='lat' dir='ltr'>duo</span> <span class='ocrx_word' id='word_1_369' title='bbox 478 3024 586 3083; x_wconf 71' lang='lat' dir='ltr'>genem</span> <span class='ocrx_word' id='word_1_370' title='bbox 609 3025 673 3068; x_wconf 55' lang='grc' dir='ltr'>περ</span> <span class='ocrx_word' id='word_1_371' title='bbox 696 3014 821 3080; x_wconf 62' lang='lat' dir='ltr'>constat,</span> <span class='ocrx_word' id='word_1_372' title='bbox 837 3028 929 3070; x_wconf 74' lang='lat' dir='ltr'>unum</span> <span class='ocrx_word' id='word_1_373' title='bbox 954 3014 985 3070; x_wconf 75' lang='lat' dir='ltr'>in</span> <span class='ocrx_word' id='word_1_374' title='bbox 1040 3002 1138 3060; x_wconf 89' lang='lat' dir='ltr'>divina</span> <span class='ocrx_word' id='word_1_375' title='bbox 1148 3005 1303 3078; x_wconf 90' lang='lat' dir='ltr'>prudentia</span> <span class='ocrx_word' id='word_1_376' title='bbox 1314 3008 1343 3063; x_wconf 91' lang='lat' dir='ltr'>et</span> <span class='ocrx_word' id='word_1_377' title='bbox 1355 3007 1513 3080; x_wconf 90' lang='lat' dir='ltr'>spopondit</span> <span class='ocrx_word' id='word_1_378' title='bbox 1522 3010 1550 3064; x_wconf 90' lang='lat' dir='ltr'>et</span> <span class='ocrx_word' id='word_1_379' title='bbox 1560 3006 1723 3076; x_wconf 81' lang='lat' dir='ltr'>eoncessit3</span> <span class='ocrx_word' id='word_1_380' title='bbox 1734 3005 1870 3064; x_wconf 80' lang='lat' dir='ltr'>videliret</span> 
     </span>
     <span class='ocr_line' id='line_1_31' title="bbox 160 3093 1870 3174; baseline 0.006 -30"><span class='ocrx_word' id='word_1_381' title='bbox 160 3113 231 3171; x_wconf 60' lang='lat' dir='ltr'>pam</span> <span class='ocrx_word' id='word_1_382' title='bbox 241 3095 376 3154; x_wconf 61' lang='lat' dir='ltr'>scelestas</span> <span class='ocrx_word' id='word_1_383' title='bbox 387 3096 678 3168; x_wconf 62' lang='lat' dir='ltr'>oooultum‚almum</span> <span class='ocrx_word' id='word_1_384' title='bbox 690 3101 902 3174; x_wconf 61' lang='lat' dir='ltr'>persecutionis</span> <span class='ocrx_word' id='word_1_385' title='bbox 918 3102 986 3160; x_wconf 64' lang='lat' dir='ltr'>mi.</span> <span class='ocrx_word' id='word_1_386' title='bbox 1039 3096 1072 3148; x_wconf 92' lang='lat' dir='ltr'>ut</span> <span class='ocrx_word' id='word_1_387' title='bbox 1086 3093 1198 3150; x_wconf 88' lang='lat' dir='ltr'>meritis</span> <span class='ocrx_word' id='word_1_388' title='bbox 1213 3093 1276 3152; x_wconf 87' lang='lat' dir='ltr'>suis</span> <span class='ocrx_word' id='word_1_389' title='bbox 1291 3095 1363 3152; x_wconf 90' lang='lat' dir='ltr'>nihil</span> <span class='ocrx_word' id='word_1_390' title='bbox 1378 3096 1570 3166; x_wconf 88' lang='lat' dir='ltr'>minueretur,</span> <span class='ocrx_word' id='word_1_391' title='bbox 1580 3100 1608 3153; x_wconf 87' lang='lat' dir='ltr'>et</span> <span class='ocrx_word' id='word_1_392' title='bbox 1617 3095 1792 3167; x_wconf 83' lang='lat' dir='ltr'>humilitati,</span> <span class='ocrx_word' id='word_1_393' title='bbox 1804 3113 1870 3170; x_wconf 76' lang='lat' dir='ltr'>que</span> 
     </span>
     <span class='ocr_line' id='line_1_32' title="bbox 161 3162 1742 3263; baseline 0.008 -19"><span class='ocrx_word' id='word_1_394' title='bbox 161 3185 226 3244; x_wconf 92' lang='lat' dir='ltr'>oulo</span> <span class='ocrx_word' id='word_1_395' title='bbox 250 3185 404 3260; x_wconf 82' lang='lat' dir='ltr'>ingruente</span> <span class='ocrx_word' id='word_1_396' title='bbox 427 3187 615 3246; x_wconf 85' lang='lat' dir='ltr'>manifestum</span> <span class='ocrx_word' id='word_1_397' title='bbox 632 3205 639 3246; x_wconf 74' lang='grc' dir='ltr'><strong>ε</strong></span> <span class='ocrx_word' id='word_1_398' title='bbox 657 3191 814 3263; x_wconf 90' lang='lat' dir='ltr'>utrumque</span> <span class='ocrx_word' id='word_1_399' title='bbox 837 3189 988 3249; x_wconf 87' lang='lat' dir='ltr'>voluntate</span> <span class='ocrx_word' id='word_1_400' title='bbox 1002 3162 1023 3231; x_wconf 71' lang='lat' dir='ltr'><strong>c</strong></span> <span class='ocrx_word' id='word_1_401' title='bbox 1039 3181 1172 3238; x_wconf 67' lang='lat' dir='ltr'>Omnium</span> <span class='ocrx_word' id='word_1_402' title='bbox 1188 3187 1232 3240; x_wconf 64' lang='lat' dir='ltr'>esi</span> <span class='ocrx_word' id='word_1_403' title='bbox 1247 3187 1345 3241; x_wconf 70' lang='lat' dir='ltr'>⁰¹¹⁵i0⁸</span> <span class='ocrx_word' id='word_1_404' title='bbox 1360 3183 1512 3254; x_wconf 63' lang='lat' dir='ltr'>Virtutum,</span> <span class='ocrx_word' id='word_1_405' title='bbox 1528 3185 1742 3260; x_wconf 62' lang='lat' dir='ltr'>Pffllideffliffl·</span> 
     </span>
     <span class='ocr_line' id='line_1_33' title="bbox 159 3274 1870 3358; baseline 0.005 -25"><span class='ocrx_word' id='word_1_406' title='bbox 159 3274 255 3334; x_wconf 86' lang='lat' dir='ltr'>tonuit</span> <span class='ocrx_word' id='word_1_407' title='bbox 266 3293 272 3345; x_wconf 90' lang='lat'>;</span> <span class='ocrx_word' id='word_1_408' title='bbox 284 3276 321 3333; x_wconf 86' lang='lat' dir='ltr'>ad</span> <span class='ocrx_word' id='word_1_409' title='bbox 336 3274 461 3334; x_wconf 90' lang='lat' dir='ltr'>alterum</span> <span class='ocrx_word' id='word_1_410' title='bbox 473 3277 578 3334; x_wconf 81' lang='lat' dir='ltr'>ellectu</span> <span class='ocrx_word' id='word_1_411' title='bbox 589 3279 728 3350; x_wconf 89' lang='lat' dir='ltr'>pervenit.</span> <span class='ocrx_word' id='word_1_412' title='bbox 740 3279 814 3348; x_wconf 87' lang='lat' dir='ltr'>Quia</span> <span class='ocrx_word' id='word_1_413' title='bbox 824 3280 902 3337; x_wconf 87' lang='lat' dir='ltr'>enim</span> <span class='ocrx_word' id='word_1_414' title='bbox 913 3297 985 3354; x_wconf 93' lang='lat' dir='ltr'>quo·</span> <span class='ocrx_word' id='word_1_415' title='bbox 1075 3280 1120 3335; x_wconf 75' lang='lat'>74.</span> <span class='ocrx_word' id='word_1_416' title='bbox 1132 3279 1282 3351; x_wconf 84' lang='lat' dir='ltr'>Quooirca,</span> <span class='ocrx_word' id='word_1_417' title='bbox 1294 3282 1438 3356; x_wconf 88' lang='lat' dir='ltr'>quiajam</span> <span class='ocrx_word' id='word_1_418' title='bbox 1453 3301 1488 3341; x_wconf 81' lang='lat' dir='ltr'>ex</span> <span class='ocrx_word' id='word_1_419' title='bbox 1501 3283 1548 3340; x_wconf 90' lang='lat' dir='ltr'>his</span> <span class='ocrx_word' id='word_1_420' title='bbox 1563 3301 1627 3357; x_wconf 83' lang='lat' dir='ltr'>qua</span> <span class='ocrx_word' id='word_1_421' title='bbox 1641 3283 1783 3358; x_wconf 88' lang='lat' dir='ltr'>superius</span> <span class='ocrx_word' id='word_1_422' title='bbox 1793 3299 1870 3341; x_wconf 87' lang='lat' dir='ltr'>eom·</span> 
     </span>
     <span class='ocr_line' id='line_1_34' title="bbox 158 3365 1869 3448; baseline 0.004 -25"><span class='ocrx_word' id='word_1_423' title='bbox 158 3365 229 3423; x_wconf 90' lang='lat' dir='ltr'>tidie</span> <span class='ocrx_word' id='word_1_424' title='bbox 243 3379 359 3439; x_wconf 87' lang='lat' dir='ltr'>semper</span> <span class='ocrx_word' id='word_1_425' title='bbox 374 3365 528 3439; x_wconf 84' lang='lat' dir='ltr'>laorymas,</span> <span class='ocrx_word' id='word_1_426' title='bbox 542 3366 666 3441; x_wconf 78' lang='lat' dir='ltr'>vigilias,</span> <span class='ocrx_word' id='word_1_427' title='bbox 675 3368 799 3440; x_wconf 88' lang='lat' dir='ltr'>jejunia,</span> <span class='ocrx_word' id='word_1_428' title='bbox 811 3371 908 3427; x_wconf 87' lang='lat' dir='ltr'>carnis</span> <span class='ocrx_word' id='word_1_429' title='bbox 923 3387 985 3428; x_wconf 87' lang='lat' dir='ltr'>ma·</span> <span class='ocrx_word' id='word_1_430' title='bbox 1041 3370 1277 3439; x_wconf 86' lang='lat' dir='ltr'>memoravimus,</span> <span class='ocrx_word' id='word_1_431' title='bbox 1303 3372 1393 3430; x_wconf 91' lang='lat' dir='ltr'>claret</span> <span class='ocrx_word' id='word_1_432' title='bbox 1416 3377 1530 3448; x_wconf 76' lang='lat' dir='ltr'>quanta</span> <span class='ocrx_word' id='word_1_433' title='bbox 1554 3372 1598 3430; x_wconf 91' lang='lat' dir='ltr'>vir</span> <span class='ocrx_word' id='word_1_434' title='bbox 1619 3373 1674 3430; x_wconf 84' lang='lat' dir='ltr'>iste</span> <span class='ocrx_word' id='word_1_435' title='bbox 1688 3373 1869 3442; x_wconf 85' lang='lat' dir='ltr'>sanctitatis,</span> 
     </span>
     <span class='ocr_line' id='line_1_35' title="bbox 156 3453 1870 3535; baseline 0.006 -25"><span class='ocrx_word' id='word_1_436' title='bbox 156 3453 379 3520; x_wconf 89' lang='lat' dir='ltr'>oorationem,et</span> <span class='ocrx_word' id='word_1_437' title='bbox 392 3453 605 3513; x_wconf 89' lang='lat' dir='ltr'>desideriorum</span> <span class='ocrx_word' id='word_1_438' title='bbox 616 3455 779 3514; x_wconf 82' lang='lat' dir='ltr'>uernalium</span> <span class='ocrx_word' id='word_1_439' title='bbox 789 3458 985 3517; x_wconf 77' lang='lat' dir='ltr'>mortificatio-</span> <span class='ocrx_word' id='word_1_440' title='bbox 1040 3459 1141 3532; x_wconf 89' lang='lat' dir='ltr'>quanti</span> <span class='ocrx_word' id='word_1_441' title='bbox 1153 3461 1231 3534; x_wconf 90' lang='lat' dir='ltr'>apud</span> <span class='ocrx_word' id='word_1_442' title='bbox 1242 3461 1333 3518; x_wconf 86' lang='lat' dir='ltr'>Deum</span> <span class='ocrx_word' id='word_1_443' title='bbox 1344 3462 1441 3519; x_wconf 89' lang='lat' dir='ltr'>meriti</span> <span class='ocrx_word' id='word_1_444' title='bbox 1453 3463 1558 3528; x_wconf 89' lang='lat' dir='ltr'>suerit;</span> <span class='ocrx_word' id='word_1_445' title='bbox 1573 3465 1664 3519; x_wconf 88' lang='lat' dir='ltr'>restat</span> <span class='ocrx_word' id='word_1_446' title='bbox 1675 3466 1708 3520; x_wconf 89' lang='lat' dir='ltr'>ut</span> <span class='ocrx_word' id='word_1_447' title='bbox 1718 3461 1870 3535; x_wconf 81' lang='lat' dir='ltr'>sicutipse</span> 
     </span>
     <span class='ocr_line' id='line_1_36' title="bbox 156 3541 1871 3624; baseline 0.007 -28"><span class='ocrx_word' id='word_1_448' title='bbox 156 3557 224 3598; x_wconf 88' lang='lat' dir='ltr'>nem</span> <span class='ocrx_word' id='word_1_449' title='bbox 234 3541 264 3599; x_wconf 91' lang='lat' dir='ltr'>in</span> <span class='ocrx_word' id='word_1_450' title='bbox 272 3559 324 3600; x_wconf 87' lang='lat' dir='ltr'>ars</span> <span class='ocrx_word' id='word_1_451' title='bbox 332 3543 429 3600; x_wconf 91' lang='lat' dir='ltr'>oordis</span> <span class='ocrx_word' id='word_1_452' title='bbox 437 3542 495 3601; x_wconf 82' lang='lat' dir='ltr'>lieo</span> <span class='ocrx_word' id='word_1_453' title='bbox 503 3546 835 3621; x_wconf 72' lang='lat' dir='ltr'>mactabatmartyrium</span> <span class='ocrx_word' id='word_1_454' title='bbox 844 3549 982 3622; x_wconf 85' lang='lat' dir='ltr'>protecto,</span> <span class='ocrx_word' id='word_1_455' title='bbox 1038 3547 1146 3606; x_wconf 86' lang='lat' dir='ltr'>Christi</span> <span class='ocrx_word' id='word_1_456' title='bbox 1156 3548 1323 3606; x_wconf 84' lang='lat' dir='ltr'>imitatoria</span> <span class='ocrx_word' id='word_1_457' title='bbox 1334 3550 1472 3609; x_wconf 90' lang='lat' dir='ltr'>omnibus</span> <span class='ocrx_word' id='word_1_458' title='bbox 1484 3552 1547 3619; x_wconf 85' lang='lat' dir='ltr'>fuit,</span> <span class='ocrx_word' id='word_1_459' title='bbox 1556 3551 1597 3608; x_wconf 89' lang='lat' dir='ltr'>sio</span> <span class='ocrx_word' id='word_1_460' title='bbox 1608 3567 1663 3608; x_wconf 89' lang='lat' dir='ltr'>nos</span> <span class='ocrx_word' id='word_1_461' title='bbox 1672 3567 1788 3624; x_wconf 87' lang='lat' dir='ltr'>quoque</span> <span class='ocrx_word' id='word_1_462' title='bbox 1800 3551 1871 3623; x_wconf 85' lang='lat' dir='ltr'>ejus</span> 
     </span>
     <span class='ocr_line' id='line_1_37' title="bbox 155 3630 1869 3714; baseline 0.006 -28"><span class='ocrx_word' id='word_1_463' title='bbox 155 3630 235 3702; x_wconf 92' lang='lat' dir='ltr'>quod</span> <span class='ocrx_word' id='word_1_464' title='bbox 251 3630 331 3706; x_wconf 82' lang='lat' dir='ltr'>panis</span> <span class='ocrx_word' id='word_1_465' title='bbox 341 3637 471 3706; x_wconf 88' lang='lat' dir='ltr'>tempore</span> <span class='ocrx_word' id='word_1_466' title='bbox 483 3651 540 3690; x_wconf 88' lang='lat' dir='ltr'>non</span> <span class='ocrx_word' id='word_1_467' title='bbox 551 3635 655 3708; x_wconf 87' lang='lat' dir='ltr'>potuit,</span> <span class='ocrx_word' id='word_1_468' title='bbox 666 3641 732 3693; x_wconf 91' lang='lat' dir='ltr'>voto</span> <span class='ocrx_word' id='word_1_469' title='bbox 743 3642 919 3694; x_wconf 80' lang='lat' dir='ltr'>consecutus</span> <span class='ocrx_word' id='word_1_470' title='bbox 928 3640 983 3696; x_wconf 89' lang='lat' dir='ltr'>est.</span> <span class='ocrx_word' id='word_1_471' title='bbox 1038 3637 1200 3695; x_wconf 84' lang='lat' dir='ltr'>imitatores</span> <span class='ocrx_word' id='word_1_472' title='bbox 1219 3656 1282 3696; x_wconf 90' lang='lat' dir='ltr'>esse</span> <span class='ocrx_word' id='word_1_473' title='bbox 1298 3641 1482 3698; x_wconf 87' lang='lat' dir='ltr'>studeamus.</span> <span class='ocrx_word' id='word_1_474' title='bbox 1495 3642 1542 3698; x_wconf 89' lang='lat' dir='ltr'>Sio</span> <span class='ocrx_word' id='word_1_475' title='bbox 1556 3639 1667 3714; x_wconf 86' lang='lat' dir='ltr'>quippe</span> <span class='ocrx_word' id='word_1_476' title='bbox 1681 3639 1743 3696; x_wconf 88' lang='lat' dir='ltr'>lieri</span> <span class='ocrx_word' id='word_1_477' title='bbox 1757 3639 1869 3712; x_wconf 89' lang='lat' dir='ltr'>quibit,</span> 
     </span>
     <span class='ocr_line' id='line_1_38' title="bbox 156 3717 1867 3803; baseline 0.005 -28"><span class='ocrx_word' id='word_1_478' title='bbox 156 3717 232 3785; x_wconf 82' lang='lat' dir='ltr'>Quia</span> <span class='ocrx_word' id='word_1_479' title='bbox 244 3735 312 3776; x_wconf 85' lang='lat' dir='ltr'>varo</span> <span class='ocrx_word' id='word_1_480' title='bbox 327 3719 363 3775; x_wconf 87' lang='lat' dir='ltr'>ad</span> <span class='ocrx_word' id='word_1_481' title='bbox 379 3725 513 3792; x_wconf 90' lang='lat' dir='ltr'>apertum</span> <span class='ocrx_word' id='word_1_482' title='bbox 524 3722 653 3795; x_wconf 87' lang='lat' dir='ltr'>eorporis</span> <span class='ocrx_word' id='word_1_483' title='bbox 664 3724 837 3797; x_wconf 82' lang='lat' dir='ltr'>martyrium</span> <span class='ocrx_word' id='word_1_484' title='bbox 848 3742 982 3798; x_wconf 88' lang='lat' dir='ltr'>perseeu-</span> <span class='ocrx_word' id='word_1_485' title='bbox 1037 3731 1070 3784; x_wconf 92' lang='lat' dir='ltr'>ul</span> <span class='ocrx_word' id='word_1_486' title='bbox 1080 3732 1108 3784; x_wconf 90' lang='lat' dir='ltr'>et</span> <span class='ocrx_word' id='word_1_487' title='bbox 1118 3727 1179 3800; x_wconf 86' lang='lat' dir='ltr'>ipse</span> <span class='ocrx_word' id='word_1_488' title='bbox 1192 3744 1412 3803; x_wconf 88' lang='lat' dir='ltr'>semperusque</span> <span class='ocrx_word' id='word_1_489' title='bbox 1422 3730 1458 3785; x_wconf 87' lang='lat' dir='ltr'>ad</span> <span class='ocrx_word' id='word_1_490' title='bbox 1469 3729 1757 3788; x_wconf 81' lang='lat' dir='ltr'>consummationem</span> <span class='ocrx_word' id='word_1_491' title='bbox 1767 3728 1867 3785; x_wconf 77' lang='lat' dir='ltr'>saculi</span> 
     </span>
     <span class='ocr_line' id='line_1_39' title="bbox 157 3804 1867 3892; baseline 0.008 -32"><span class='ocrx_word' id='word_1_492' title='bbox 157 3805 231 3861; x_wconf 89' lang='lat' dir='ltr'>toris</span> <span class='ocrx_word' id='word_1_493' title='bbox 244 3804 301 3861; x_wconf 89' lang='lat' dir='ltr'>sibi</span> <span class='ocrx_word' id='word_1_494' title='bbox 316 3805 434 3864; x_wconf 88' lang='lat' dir='ltr'>animus</span> <span class='ocrx_word' id='word_1_495' title='bbox 450 3824 508 3865; x_wconf 86' lang='lat' dir='ltr'>non</span> <span class='ocrx_word' id='word_1_496' title='bbox 518 3809 707 3883; x_wconf 86' lang='lat' dir='ltr'>deluit,quod</span> <span class='ocrx_word' id='word_1_497' title='bbox 720 3829 806 3886; x_wconf 91' lang='lat' dir='ltr'>opere</span> <span class='ocrx_word' id='word_1_498' title='bbox 821 3814 921 3872; x_wconf 89' lang='lat' dir='ltr'>minus</span> <span class='ocrx_word' id='word_1_499' title='bbox 931 3832 982 3890; x_wconf 90' lang='lat' dir='ltr'>po·</span> <span class='ocrx_word' id='word_1_500' title='bbox 1037 3815 1629 3891; x_wconf 77' lang='lat' dir='ltr'>nobiseumviverepossitinterris,et&#39;non</span> <span class='ocrx_word' id='word_1_501' title='bbox 1639 3815 1867 3892; x_wconf 79' lang='lat' dir='ltr'>postprassentis</span> 
     </span>
     <span class='ocr_line' id='line_1_40' title="bbox 156 3889 1865 3977; baseline 0.01 -31"><span class='ocrx_word' id='word_1_502' title='bbox 156 3889 983 3977; x_wconf 84' lang='lat' dir='ltr'>tuit,voluntateadeptusest.Quamvisboequoquamar-</span> <span class='ocrx_word' id='word_1_503' title='bbox 1036 3905 1099 3962; x_wconf 82' lang='lat' dir='ltr'>vitre</span> <span class='ocrx_word' id='word_1_504' title='bbox 1110 3911 1312 3964; x_wconf 86' lang='lat' dir='ltr'>transcursum</span> <span class='ocrx_word' id='word_1_505' title='bbox 1327 3925 1394 3964; x_wconf 89' lang='lat' dir='ltr'>eum</span> <span class='ocrx_word' id='word_1_506' title='bbox 1405 3925 1438 3965; x_wconf 89' lang='lat' dir='ltr'>eo</span> <span class='ocrx_word' id='word_1_507' title='bbox 1448 3908 1478 3965; x_wconf 90' lang='lat' dir='ltr'>in</span> <span class='ocrx_word' id='word_1_508' title='bbox 1489 3907 1675 3966; x_wconf 84' lang='lat' dir='ltr'>eoelisvivere</span> <span class='ocrx_word' id='word_1_509' title='bbox 1686 3923 1865 3965; x_wconf 84' lang='lat' dir='ltr'>mereamur.</span> 
     </span>
     <span class='ocr_line' id='line_1_41' title="bbox 157 3979 1867 4069; baseline 0.011 -33"><span class='ocrx_word' id='word_1_510' title='bbox 157 3979 266 4054; x_wconf 73' lang='lat' dir='ltr'>tyrium</span> <span class='ocrx_word' id='word_1_511' title='bbox 281 3997 366 4056; x_wconf 89' lang='lat' dir='ltr'>opere</span> <span class='ocrx_word' id='word_1_512' title='bbox 381 4000 449 4041; x_wconf 90' lang='lat' dir='ltr'>eum</span> <span class='ocrx_word' id='word_1_513' title='bbox 462 3984 601 4044; x_wconf 88' lang='lat' dir='ltr'>habuisse</span> <span class='ocrx_word' id='word_1_514' title='bbox 612 3988 731 4047; x_wconf 89' lang='lat' dir='ltr'>omnino</span> <span class='ocrx_word' id='word_1_515' title='bbox 742 4007 847 4066; x_wconf 85' lang='lat' dir='ltr'>negare</span> <span class='ocrx_word' id='word_1_516' title='bbox 858 4010 982 4068; x_wconf 88' lang='lat' dir='ltr'>nequea-</span> <span class='ocrx_word' id='word_1_517' title='bbox 1035 3994 1117 4051; x_wconf 88' lang='lat' dir='ltr'>Vivet</span> <span class='ocrx_word' id='word_1_518' title='bbox 1132 4013 1259 4069; x_wconf 89' lang='lat' dir='ltr'>namque</span> <span class='ocrx_word' id='word_1_519' title='bbox 1274 3997 1427 4054; x_wconf 87' lang='lat' dir='ltr'>nobiseum</span> <span class='ocrx_word' id='word_1_520' title='bbox 1443 3997 1471 4055; x_wconf 89' lang='lat' dir='ltr'>in</span> <span class='ocrx_word' id='word_1_521' title='bbox 1487 3997 1584 4065; x_wconf 89' lang='lat' dir='ltr'>terris,</span> <span class='ocrx_word' id='word_1_522' title='bbox 1599 3997 1624 4055; x_wconf 89' lang='lat' dir='ltr'>si</span> <span class='ocrx_word' id='word_1_523' title='bbox 1639 4013 1710 4054; x_wconf 91' lang='lat' dir='ltr'>eum</span> <span class='ocrx_word' id='word_1_524' title='bbox 1725 3996 1792 4053; x_wconf 75' lang='lat' dir='ltr'>vita</span> <span class='ocrx_word' id='word_1_525' title='bbox 1802 4013 1867 4054; x_wconf 88' lang='lat' dir='ltr'>san·</span> 
     </span>
     <span class='ocr_line' id='line_1_42' title="bbox 156 4069 1862 4160; baseline 0.009 -35"><span class='ocrx_word' id='word_1_526' title='bbox 156 4085 232 4140; x_wconf 90' lang='lat' dir='ltr'>mus,</span> <span class='ocrx_word' id='word_1_527' title='bbox 245 4069 270 4127; x_wconf 89' lang='lat' dir='ltr'>si</span> <span class='ocrx_word' id='word_1_528' title='bbox 281 4074 379 4130; x_wconf 89' lang='lat' dir='ltr'>tantos</span> <span class='ocrx_word' id='word_1_529' title='bbox 394 4073 459 4146; x_wconf 85' lang='lat' dir='ltr'>ojus</span> <span class='ocrx_word' id='word_1_530' title='bbox 475 4091 527 4148; x_wconf 93' lang='lat' dir='ltr'>pro</span> <span class='ocrx_word' id='word_1_531' title='bbox 542 4078 665 4135; x_wconf 88' lang='lat' dir='ltr'>Domino</span> <span class='ocrx_word' id='word_1_532' title='bbox 680 4078 794 4137; x_wconf 88' lang='lat' dir='ltr'>labores</span> <span class='ocrx_word' id='word_1_533' title='bbox 804 4082 890 4154; x_wconf 86' lang='lat' dir='ltr'>juxta</span> <span class='ocrx_word' id='word_1_534' title='bbox 903 4089 978 4157; x_wconf 86' lang='lat' dir='ltr'>llpo-</span> <span class='ocrx_word' id='word_1_535' title='bbox 1035 4083 1121 4142; x_wconf 84' lang='lat' dir='ltr'>ntitas</span> <span class='ocrx_word' id='word_1_536' title='bbox 1145 4088 1173 4142; x_wconf 90' lang='lat' dir='ltr'>et</span> <span class='ocrx_word' id='word_1_537' title='bbox 1196 4086 1335 4143; x_wconf 80' lang='lat' dir='ltr'>doctrine</span> <span class='ocrx_word' id='word_1_538' title='bbox 1355 4085 1514 4144; x_wconf 86' lang='lat' dir='ltr'>recordatio</span> <span class='ocrx_word' id='word_1_539' title='bbox 1539 4087 1624 4145; x_wconf 89' lang='lat' dir='ltr'>nohis</span> <span class='ocrx_word' id='word_1_540' title='bbox 1647 4091 1839 4160; x_wconf 74' lang='lat' dir='ltr'>representat</span> <span class='ocrx_word' id='word_1_541' title='bbox 1855 4103 1862 4142; x_wconf 92' lang='lat'><strong>:</strong></span> 
     </span>
     <span class='ocr_line' id='line_1_43' title="bbox 153 4157 1863 4250; baseline 0.009 -35"><span class='ocrx_word' id='word_1_542' title='bbox 153 4157 263 4217; x_wconf 90' lang='lat' dir='ltr'>stolum</span> <span class='ocrx_word' id='word_1_543' title='bbox 285 4162 484 4233; x_wconf 87' lang='lat' dir='ltr'>attendamus,</span> <span class='ocrx_word' id='word_1_544' title='bbox 510 4165 540 4220; x_wconf 93' lang='lat' dir='ltr'>in</span> <span class='ocrx_word' id='word_1_545' title='bbox 562 4166 716 4226; x_wconf 89' lang='lat' dir='ltr'>itineribus</span> <span class='ocrx_word' id='word_1_546' title='bbox 741 4187 828 4244; x_wconf 79' lang='lat' dir='ltr'>sepe,</span> <span class='ocrx_word' id='word_1_547' title='bbox 841 4172 979 4244; x_wconf 88' lang='lat' dir='ltr'>perieulis</span> <span class='ocrx_word' id='word_1_548' title='bbox 1034 4173 1164 4231; x_wconf 89' lang='lat' dir='ltr'>vivemus</span> <span class='ocrx_word' id='word_1_549' title='bbox 1180 4191 1315 4232; x_wconf 85' lang='lat' dir='ltr'>noscam</span> <span class='ocrx_word' id='word_1_550' title='bbox 1332 4175 1442 4250; x_wconf 87' lang='lat' dir='ltr'>ipsein</span> <span class='ocrx_word' id='word_1_551' title='bbox 1458 4173 1548 4247; x_wconf 76' lang='lat' dir='ltr'>ecelis,</span> <span class='ocrx_word' id='word_1_552' title='bbox 1560 4175 1585 4232; x_wconf 87' lang='lat' dir='ltr'>si</span> <span class='ocrx_word' id='word_1_553' title='bbox 1595 4175 1661 4248; x_wconf 87' lang='lat' dir='ltr'>ejus</span> <span class='ocrx_word' id='word_1_554' title='bbox 1675 4174 1812 4249; x_wconf 84' lang='lat' dir='ltr'>exempla</span> <span class='ocrx_word' id='word_1_555' title='bbox 1821 4191 1863 4231; x_wconf 84' lang='lat' dir='ltr'>se·</span> 
     </span>
     <span class='ocr_line' id='line_1_44' title="bbox 153 4247 1861 4338; baseline 0.009 -35"><span class='ocrx_word' id='word_1_556' title='bbox 153 4247 321 4319; x_wconf 86' lang='lat' dir='ltr'>fluminum,</span> <span class='ocrx_word' id='word_1_557' title='bbox 350 4251 488 4324; x_wconf 87' lang='lat' dir='ltr'>perieulis</span> <span class='ocrx_word' id='word_1_558' title='bbox 517 4252 674 4326; x_wconf 89' lang='lat' dir='ltr'>latronum,</span> <span class='ocrx_word' id='word_1_559' title='bbox 700 4257 838 4330; x_wconf 86' lang='lat' dir='ltr'>perieulis</span> <span class='ocrx_word' id='word_1_560' title='bbox 867 4277 901 4318; x_wconf 84' lang='lat' dir='ltr'>ex</span> <span class='ocrx_word' id='word_1_561' title='bbox 929 4279 977 4337; x_wconf 85' lang='lat' dir='ltr'>ge·</span> <span class='ocrx_word' id='word_1_562' title='bbox 1033 4267 1164 4336; x_wconf 87' lang='lat' dir='ltr'>quentes,</span> <span class='ocrx_word' id='word_1_563' title='bbox 1175 4265 1289 4321; x_wconf 87' lang='lat' dir='ltr'>adeum</span> <span class='ocrx_word' id='word_1_564' title='bbox 1301 4264 1639 4338; x_wconf 86' lang='lat' dir='ltr'>sempertotodesiderio</span> <span class='ocrx_word' id='word_1_565' title='bbox 1650 4263 1861 4322; x_wconf 82' lang='lat' dir='ltr'>ettotarirtute</span> 
     </span>
     <span class='ocr_line' id='line_1_45' title="bbox 151 4337 1858 4427; baseline 0.008 -35"><span class='ocrx_word' id='word_1_566' title='bbox 151 4353 230 4405; x_wconf 87' lang='lat' dir='ltr'>nere,</span> <span class='ocrx_word' id='word_1_567' title='bbox 246 4337 384 4411; x_wconf 87' lang='lat' dir='ltr'>perieulis</span> <span class='ocrx_word' id='word_1_568' title='bbox 399 4356 434 4397; x_wconf 86' lang='lat' dir='ltr'>ex</span> <span class='ocrx_word' id='word_1_569' title='bbox 460 4342 606 4415; x_wconf 83' lang='lat' dir='ltr'>gentihus,</span> <span class='ocrx_word' id='word_1_570' title='bbox 633 4345 770 4418; x_wconf 84' lang='lat' dir='ltr'>perieulis</span> <span class='ocrx_word' id='word_1_571' title='bbox 795 4347 824 4404; x_wconf 90' lang='lat' dir='ltr'>in</span> <span class='ocrx_word' id='word_1_572' title='bbox 849 4350 975 4422; x_wconf 81' lang='lat' dir='ltr'>civitate,</span> <span class='ocrx_word' id='word_1_573' title='bbox 1032 4353 1200 4420; x_wconf 88' lang='lat' dir='ltr'>tendamus,</span> <span class='ocrx_word' id='word_1_574' title='bbox 1216 4354 1252 4409; x_wconf 90' lang='lat' dir='ltr'>ad</span> <span class='ocrx_word' id='word_1_575' title='bbox 1269 4369 1356 4427; x_wconf 90' lang='lat' dir='ltr'>quem</span> <span class='ocrx_word' id='word_1_576' title='bbox 1372 4370 1426 4410; x_wconf 92' lang='lat' dir='ltr'>nos</span> <span class='ocrx_word' id='word_1_577' title='bbox 1441 4353 1489 4408; x_wconf 87' lang='lat' dir='ltr'>ille</span> <span class='ocrx_word' id='word_1_578' title='bbox 1505 4353 1653 4426; x_wconf 80' lang='lat' dir='ltr'>preoessit</span> <span class='ocrx_word' id='word_1_579' title='bbox 1666 4352 1858 4410; x_wconf 84' lang='lat' dir='ltr'>Jesumchri-</span> 
     </span>
     <span class='ocr_line' id='line_1_46' title="bbox 149 4424 1855 4516; baseline 0.008 -35"><span class='ocrx_word' id='word_1_580' title='bbox 149 4424 287 4498; x_wconf 88' lang='lat' dir='ltr'>perieulis</span> <span class='ocrx_word' id='word_1_581' title='bbox 308 4426 338 4483; x_wconf 90' lang='lat' dir='ltr'>in</span> <span class='ocrx_word' id='word_1_582' title='bbox 354 4426 520 4498; x_wconf 87' lang='lat' dir='ltr'>solitudine,</span> <span class='ocrx_word' id='word_1_583' title='bbox 538 4431 675 4504; x_wconf 86' lang='lat' dir='ltr'>perieulis</span> <span class='ocrx_word' id='word_1_584' title='bbox 691 4435 721 4492; x_wconf 93' lang='lat' dir='ltr'>in</span> <span class='ocrx_word' id='word_1_585' title='bbox 737 4437 821 4508; x_wconf 87' lang='lat' dir='ltr'>mari,</span> <span class='ocrx_word' id='word_1_586' title='bbox 837 4439 975 4512; x_wconf 87' lang='lat' dir='ltr'>periculis</span> <span class='ocrx_word' id='word_1_587' title='bbox 1030 4445 1109 4498; x_wconf 89' lang='lat' dir='ltr'>sturn</span> <span class='ocrx_word' id='word_1_588' title='bbox 1125 4442 1282 4500; x_wconf 87' lang='lat' dir='ltr'>Dominum</span> <span class='ocrx_word' id='word_1_589' title='bbox 1298 4446 1443 4510; x_wconf 90' lang='lat' dir='ltr'>nostrum,</span> <span class='ocrx_word' id='word_1_590' title='bbox 1456 4441 1507 4515; x_wconf 91' lang='lat' dir='ltr'>qui</span> <span class='ocrx_word' id='word_1_591' title='bbox 1522 4459 1589 4498; x_wconf 91' lang='lat' dir='ltr'>oum</span> <span class='ocrx_word' id='word_1_592' title='bbox 1605 4443 1691 4500; x_wconf 86' lang='lat' dir='ltr'>Patre</span> <span class='ocrx_word' id='word_1_593' title='bbox 1706 4447 1735 4499; x_wconf 89' lang='lat' dir='ltr'>et</span> <span class='ocrx_word' id='word_1_594' title='bbox 1747 4441 1855 4516; x_wconf 87' lang='lat' dir='ltr'>Spiritu</span> 
     </span>
     <span class='ocr_line' id='line_1_47' title="bbox 148 4512 1857 4606; baseline 0.011 -38"><span class='ocrx_word' id='word_1_595' title='bbox 148 4512 179 4570; x_wconf 90' lang='lat' dir='ltr'>in</span> <span class='ocrx_word' id='word_1_596' title='bbox 195 4513 278 4572; x_wconf 84' lang='lat' dir='ltr'>taleis</span> <span class='ocrx_word' id='word_1_597' title='bbox 293 4515 434 4576; x_wconf 82' lang='lat' dir='ltr'>iratribus</span> <span class='ocrx_word' id='word_1_598' title='bbox 449 4536 457 4575; x_wconf 92' lang='lat'>:</span> <span class='ocrx_word' id='word_1_599' title='bbox 472 4519 502 4576; x_wconf 91' lang='lat' dir='ltr'>in</span> <span class='ocrx_word' id='word_1_600' title='bbox 517 4519 617 4579; x_wconf 88' lang='lat' dir='ltr'>labore</span> <span class='ocrx_word' id='word_1_601' title='bbox 630 4526 660 4580; x_wconf 90' lang='lat' dir='ltr'>et</span> <span class='ocrx_word' id='word_1_602' title='bbox 674 4541 814 4599; x_wconf 79' lang='lat' dir='ltr'>erumna,</span> <span class='ocrx_word' id='word_1_603' title='bbox 825 4527 855 4584; x_wconf 89' lang='lat' dir='ltr'>in</span> <span class='ocrx_word' id='word_1_604' title='bbox 868 4528 975 4603; x_wconf 84' lang='lat' dir='ltr'>vigiliis</span> <span class='ocrx_word' id='word_1_605' title='bbox 990 4532 1013 4599; x_wconf 83' lang='grc' dir='ltr'>Ι]</span> <span class='ocrx_word' id='word_1_606' title='bbox 1029 4535 1129 4588; x_wconf 87' lang='lat' dir='ltr'>saneto</span> <span class='ocrx_word' id='word_1_607' title='bbox 1139 4531 1208 4588; x_wconf 91' lang='lat' dir='ltr'>vivit</span> <span class='ocrx_word' id='word_1_608' title='bbox 1219 4535 1248 4590; x_wconf 89' lang='lat' dir='ltr'>et</span> <span class='ocrx_word' id='word_1_609' title='bbox 1262 4535 1364 4606; x_wconf 83' lang='lat' dir='ltr'>regnat</span> <span class='ocrx_word' id='word_1_610' title='bbox 1379 4532 1457 4589; x_wconf 88' lang='lat' dir='ltr'>Deus</span> <span class='ocrx_word' id='word_1_611' title='bbox 1467 4549 1519 4606; x_wconf 91' lang='lat' dir='ltr'>per</span> <span class='ocrx_word' id='word_1_612' title='bbox 1533 4532 1633 4588; x_wconf 87' lang='lat' dir='ltr'>omnia</span> <span class='ocrx_word' id='word_1_613' title='bbox 1648 4531 1758 4590; x_wconf 80' lang='lat' dir='ltr'>secula</span> <span class='ocrx_word' id='word_1_614' title='bbox 1772 4547 1857 4589; x_wconf 79' lang='lat' dir='ltr'>saeu-</span> 
     </span>
     <span class='ocr_line' id='line_1_48' title="bbox 149 4602 1249 4692; baseline 0.015 -32"><span class='ocrx_word' id='word_1_615' title='bbox 149 4602 264 4676; x_wconf 88' lang='lat' dir='ltr'>multis,</span> <span class='ocrx_word' id='word_1_616' title='bbox 279 4603 308 4660; x_wconf 92' lang='lat' dir='ltr'>in</span> <span class='ocrx_word' id='word_1_617' title='bbox 325 4605 402 4664; x_wconf 84' lang='lat' dir='ltr'>lame</span> <span class='ocrx_word' id='word_1_618' title='bbox 416 4611 445 4664; x_wconf 90' lang='lat' dir='ltr'>et</span> <span class='ocrx_word' id='word_1_619' title='bbox 458 4607 517 4678; x_wconf 89' lang='lat' dir='ltr'>siti,</span> <span class='ocrx_word' id='word_1_620' title='bbox 529 4609 559 4666; x_wconf 89' lang='lat' dir='ltr'>in</span> <span class='ocrx_word' id='word_1_621' title='bbox 569 4610 693 4683; x_wconf 77' lang='lat' dir='ltr'>jeJuniis</span> <span class='ocrx_word' id='word_1_622' title='bbox 708 4614 819 4686; x_wconf 90' lang='lat' dir='ltr'>multis,</span> <span class='ocrx_word' id='word_1_623' title='bbox 831 4617 976 4692; x_wconf 82' lang='lat' dir='ltr'>infrigere</span> <span class='ocrx_word' id='word_1_624' title='bbox 1029 4619 1134 4677; x_wconf 90' lang='lat' dir='ltr'>lorum.</span> <span class='ocrx_word' id='word_1_625' title='bbox 1148 4622 1249 4678; x_wconf 76' lang='lat' dir='ltr'>Amen.</span> 
     </span>
    </p>
   </div>
   <div class='ocr_carea' id='block_1_3' title="bbox 0 0 2022 6180">
    <p class='ocr_par' dir='ltr' id='par_1_3' title="bbox 0 0 2022 6180">
     <span class='ocr_line' id='line_1_49' title="bbox 0 0 2022 6180; baseline 0 6"><span class='ocrx_word' id='word_1_626' title='bbox 0 0 2022 6180; x_wconf 95' lang='lat' dir='ltr'> </span> 
     </span>
    </p>
   </div>
  </div>
 </body>
</html>
