3872 6168
167 311 227 372 ³59
449 307 653 370 lthMONlS
677 305 945 368 fluuuuttsvnv.
971 301 1092 362 ttulst'.
1117 301 1203 362 OPP,
1228 301 1325 362 PAltS
1348 301 1386 362 ll.
1401 335 1440 345 -
1455 301 1581 363 HtlhllL.
1776 313 1824 372 tut
1907 267 1908 320 ἒ

163 459 220 500 sue
236 459 294 498 ucn
310 440 538 516 peporcitlteus,
549 439 599 497 sed
610 456 661 514 pro
672 435 940 496 omnibustradidit
955 433 991 489 il·
1006 440 1032 506 Α
1049 439 1148 490 narrat
1163 433 1232 506 quia
1253 449 1286 490 ex
1311 433 1401 506 spicis
1425 433 1506 488 nardi
1529 434 1613 490 luerit
1626 436 1776 494 conlectum.
1790 441 1824 496 lit

165 532 228 588 lum
243 532 330 602 (Reus.
347 531 418 602 viu).
436 551 450 580 u
467 529 576 585 Deinde
587 529 706 585 tradidit
717 528 777 600 ipss
789 527 993 582 Filiussemet·
1049 521 1167 594 quidem
1184 539 1218 578 ou
1234 523 1328 579 radice
1343 523 1553 595 optimum,sed
1566 523 1708 596 pretiosius
1718 531 1753 582 eut
1763 530 1824 598 quod

165 621 275 693 ipsum,
291 619 368 675 sicut
390 617 469 675 idem
485 616 594 674 Paulus
609 616 698 673 dicit:
714 639 728 666 ιι
740 615 793 690 Qui
809 613 930 671 tradidit
946 631 992 670 se·
1048 611 1082 666 lit
1095 629 1129 666 ex
1144 611 1244 684 spicis.
1255 611 1384 685 Mystico,
1398 612 1512 668 devotio
1527 611 1616 667 illaria
1628 612 1707 668 iidem
1719 613 1824 672 sceleste

166 707 325 781 metipsum
351 725 402 781 pre
429 706 514 764 nohis
537 707 641 780 (Ephes.
657 709 695 774 v).
713 727 727 758 ιι
757 702 854 760 'l'ertio
872 701 994 762 tradidit
1048 699 1203 774 signifieat,
1213 717 1276 773 qaue
1289 699 1405 757 Domini
1416 700 1533 774 quidem
1543 705 1625 772 caput
1636 701 1711 773 ungit
1721 717 1777 757 cum
1786 721 1825 775 po-

163 785 465 863 eum'Judasludaeis,
477 795 569 852 iudai
580 793 764 852 tradiderunt
775 809 841 849 eum
853 792 943 848 Pilato
956 792 992 848 ud
1045 790 1168 844 tentiam
1194 788 1355 846 divinitatis
1390 787 1470 846 illius
1498 789 1637 862 predicat,
1663 788 1750 846 dicens
1773 807 1825 848 cum

161 885 367 958 judicandum,
379 884 489 942 Pilatus
501 883 645 940 militibus
661 882 696 939 ad
713 881 955 956 crucifigendum.
1046 879 1156 934 tenone
1171 878 1301 953 apostole
1314 897 1320 935 :
1333 902 1347 929 ιι
1360 879 1391 936 lo
1405 878 1545 952 principie
1559 883 1618 934 erat
1627 877 1742 934 Verbum
1750 882 1825 946 (loon.

201 999 214 1026 ιι
231 977 314 1032 Tunc
327 973 496 1049 congregati
512 977 581 1030 sunt
592 971 947 1048 principessscerdotum,
964 973 993 1026 et
1046 971 1077 1037 1).
1096 968 1214 1026 »Pedes
1237 968 1331 1044 ungit,
1358 985 1425 1024 oum
1450 968 1642 1024 infirmitatem
1666 966 1826 1023 humanitatis

165 1087 179 1115 ιι
196 1065 327 1122 seniores
341 1063 440 1137 populi
457 1063 486 1119 in
502 1061 611 1120 atrium
626 1060 769 1135 principis
793 1061 988 1117 sacerdotum.
1046 1057 1111 1128 ejus
1137 1058 1283 1130 predicat,
1299 1058 1399 1115 dicens
1424 1073 1492 1114 cum
1516 1057 1613 1113 eodem
1639 1055 1782 1112 Joenne:·
1802 1057 1826 1111 llt

165 1177 179 1204 ιι
196 1155 245 1226 qui
262 1153 371 1210 dieitur
385 1151 520 1226 Caiphae.
535 1173 549 1201 u
566 1149 798 1224 Reprehenditur
810 1149 839 1205 in
859 1148 991 1206 hocloco
1044 1143 1173 1202 Verbum
1188 1163 1255 1204 care
1270 1147 1436 1204 factumest
1452 1145 1551 1220 (litt).
1568 1167 1582 1196 u

163 1243 305 1317 iniquitas
317 1248 351 1299 et
361 1239 565 1298 malevolentia
578 1239 757 1297 ludaeorum.
770 1238 824 1306 Qui
835 1239 914 1295 enini
924 1238 991 1295 vici·
1083 1255 1097 1288 ι
1112 1235 1250 1293 videntes
1265 1241 1363 1293 autem
1379 1234 1527 1309 discipuli,
1536 1231 1671 1307 indignati
1681 1232 1827 1288 suntdicen·

163 1351 200 1389 oo
216 1331 330 1388 Pascha
344 1331 508 1389 debuerant
522 1345 553 1385 se
569 1326 742 1402 preparare,
753 1328 879 1402 parietes
890 1327 990 1400 templi
1046 1349 1059 1375 ιι
1074 1327 1117 1381 tes
1127 1343 1133 1381 :
1143 1325 1182 1397 Ut
1188 1325 1258 1399 quid
1271 1326 1393 1400 perditio
1404 1326 1485 1384 lucet
1495 1349 1509 1376 ιι
1518 1321 1828 1382 Hicvidentorlissonuro

161 1420 297 1495 levigare,
314 1419 514 1494 pavimentum
529 1433 653 1486 verrere,
667 1420 696 1472 et
711 1416 822 1472 hostias
838 1420 866 1471 et
878 1417 989 1472 sacriti-
1045 1411 1828 1481 Mattheusettoannee,cumtoannos‚sotummouotunc

161 1512 215 1579 cia,
232 1527 296 1582 queo
323 1509 469 1565 atterenda
492 1511 574 1562 siniit
600 1505 629 1561 in
651 1505 835 1572 solemnitate
860 1505 987 1574 Pascha,
1044 1503 1276 1578 indignationem
1291 1504 1373 1560 luda
1388 1503 1591 1578 designaverit,
1607 1502 1721 1558 reddens
1734 1515 1829 1555 causam

161 1615 335 1674 praeparare,
360 1603 389 1653 ct
413 1597 588 1668 serrrctipses
609 1595 644 1650 ad
660 1595 766 1650 testum
784 1593 898 1650 Paschae
916 1593 988 1650 cele-
1043 1609 1133 1664 quaro
1149 1592 1319 1666 indignatus
1334 1594 1373 1649 sit
1389 1593 1418 1648 in
1434 1593 1574 1649 allusione
1589 1591 1729 1664 unguenti,
1743 1587 1830 1644 scilieet

157 1689 495 1763 brandumpraeparare,
512 1683 987 1758 congreganturineuntosoonsi-
1042 1681 1657 1754 quieturerat,etloouloshabenseaqua
1670 1677 1831 1734 mittebantur
1907 1719 1908 1734 ι

160 1778 244 1846 lium,
261 1775 407 1848 quemodo
423 1772 581 1830 Dominum
598 1773 683 1828 morti
699 1773 825 1828 tradant.
1043 1771 1186 1842 portabat.
1202 1770 1260 1828 Sed
1290 1775 1392 1844 tropus
1417 1771 1537 1845 quidam
1560 1773 1611 1840 est,
1627 1768 1674 1842 qui
1698 1765 1831 1839 appellatur

196 1889 210 1917 ιι
224 1865 366 1922 Dicebant
380 1867 478 1918 autem
493 1879 500 1917 ε
518 1861 579 1919 Non
594 1861 625 1916 in
639 1861 686 1918 die
700 1861 784 1928 leste,
802 1877 838 1917 no
854 1861 925 1918 torte
939 1864 986 1918 tu·
1041 1859 1232 1932 synecdoche,
1242 1859 1416 1934 plerumque
1426 1861 1606 1934 singularem
1616 1875 1666 1932 pre
1679 1851 1831 1930 pluralilre·
1907 1905 1908 1924 ,

159 1977 173 2005 ιι
191 1951 302 2015 multus
318 1951 399 2008 tieret
411 1951 440 2006 in
452 1949 570 2026 populo.
584 1973 595 2000 ι
608 1949 655 2010 Sic
665 1949 781 2021 videtur
792 1949 915 2023 simplex
925 1966 985 2007 ser·
1040 1952 1164 2021 quanter
1173 1964 1240 2006 vero
1249 1948 1390 2022 pluralem
1400 1967 1451 2023 pro
1461 1948 1602 2024 singulari
1612 1957 1831 2020 numerepooeus.
1907 2015 1908 2018 Ἴ

70 2035 71 2042 '
159 2058 208 2098 mo
221 2055 335 2106 sonare,
350 2039 435 2112 quusi
450 2040 486 2095 oh
501 2038 672 2096 seditionem
686 2039 917 2105 caverintludrei
934 2040 985 2096 do·
1040 2036 1474 2112 llocergogenerelecutionis
1495 2053 1652 2112 pessumus
1674 2031 1833 2090 dicerehioe
1907 2095 1908 2106 χ

158 2129 272 2186 minum
284 2128 313 2184 in
325 2128 370 2184 die
381 2128 454 2185 laste
463 2128 718 2200 comprehendere,
727 2127 863 2185 timentes
870 2128 986 2185 seditio·
1040 2124 1174 2184 Mutiliae
1183 2126 1311 2198 pesitum
1320 2143 1384 2184 csse
1393 2125 1506 2201 plurale
1516 2141 1567 2200 pro
1578 2117 1834 2198 singulari,discipu·

157 2235 225 2275 netu
240 2219 405 2274 turbarum.
427 2217 509 2282 Quod
534 2234 592 2274 non
608 2217 748 2292 procedit,
764 2217 815 2273 sed
831 2217 929 2290 potius
944 2216 985 2272 ita
1040 2212 1083 2269 los
1097 2213 1230 2272 videlicet
1242 2215 1343 2272 diceus
1356 2215 1526 2290 indignatos
1538 2215 1637 2271 luisse.
1649 2207 1792 2268 Dicendum
1801 2211 1835 2261 est

157 2306 379 2380 intelligendum
402 2309 456 2372 ost,
473 2305 543 2378 quia
557 2305 699 2362 timebant
716 2323 750 2362 ne
763 2304 870 2360 auxilio
883 2305 983 2380 pepuli
1040 2306 1136 2360 autem
1153 2303 1222 2376 quia
1237 2303 1262 2362 si
1277 2304 1326 2360 alii
1341 2304 1476 2379 discipuli
1502 2303 1645 2378 indignati
1660 2304 1738 2366 sunt;
1760 2295 1834 2351 ludos

156 2385 336 2454 demonibus
347 2394 464 2450 illorum
475 2393 634 2461 tolleretur,
644 2393 712 2466 quia
723 2409 824 2450 omnes
835 2393 911 2450 sieut
921 2411 985 2468 pre
1038 2397 1136 2448 autem
1152 2410 1210 2449 non
1224 2411 1316 2450 cause
1331 2410 1505 2467 pauperum,
1515 2395 1566 2450 sed
1577 2408 1664 2448 causa
1676 2386 1787 2450 invidia,
1795 2384 1834 2438 do·
1907 2443 1908 2454 ,

156 2487 274 2559 phetam
289 2499 356 2540 euin
366 2483 521 2540 habebant.
537 2483 689 2539 «Nelorto
703 2482 858 2550 tumultus,
872 2505 885 2532 ι
899 2482 984 2540 idest
1038 2481 1101 2537 iens
1117 2481 1242 2538 sacculis
1258 2483 1321 2540 suis
1335 2483 1469 2539 subtrahi
1484 2483 1563 2556 quod
1579 2482 1609 2538 ia
1632 2477 1740 2536 Domini
1759 2473 1836 2546 capite
1907 2519 1908 2538 ι

156 2592 192 2631 ne
207 2574 296 2630 motio
312 2596 326 2624 ιι
343 2573 426 2628 fieret
441 2573 470 2628 in
486 2571 603 2646 populo.
618 2595 632 2622 ιι
1038 2569 1224 2626 tundebatur.
1669 2555 1677 2568 “

191 2687 205 2715 ιι
222 2666 294 2720 Cum
310 2667 409 2719 autem
425 2663 503 2718 esset
524 2662 611 2718 lesus
625 2661 656 2717 in
671 2660 822 2728 Bethania,
849 2660 878 2718 in
895 2662 982 2718 demo
1073 2683 1086 2710 ιι
1096 2661 1193 2715 Potuit
1202 2659 1280 2716 enim
1292 2660 1370 2718 istud
1382 2661 1545 2718 venundari
1557 2659 1679 2726 multo,u
1688 2652 1837 2712 subauditur

154 2777 169 2805 «
186 2753 314 2810 Simonis
338 2750 455 2825 leprosi.
473 2773 487 2802 u
501 2749 591 2808 Recte
615 2751 836 2823 exsequendum
861 2752 983 2824 putabat
1036 2749 1141 2821 pretio,
1156 2773 1171 2800 ιι
1187 2754 1215 2806 et
1230 2750 1292 2806 dari
1309 2750 1500 2824 pauperibus.
1519 2773 1535 2802 ιι

153 2841 408 2916 evangelistaquid
421 2839 697 2914 Dominusegeritin
710 2839 850 2896 bethania
859 2843 982 2896 antesex
1074 2857 1089 2891 ι
1102 2839 1203 2896 Sciens
1219 2844 1316 2896 autem
1331 2840 1428 2908 Jesus,
1437 2840 1478 2896 ait
1489 2839 1550 2897 illis
1559 2857 1567 2896 t
1576 2838 1650 2904 Quid
1662 2833 1768 2892 molesti
1779 2829 1836 2887 estis

153 2931 216 2988 dies
227 2929 355 2999 Paschae,
369 2929 462 3004 pridie
472 2933 632 3002 antequam
640 2927 696 2985 iret
704 2927 866 2986 Jerusalem
876 2929 981 2986 sedens
1037 2950 1051 2978 ιι
1067 2927 1136 2984 huic
1152 2926 1290 2985 mulieri?
1304 2929 1385 3002 Opus
1404 2931 1513 2986 bonum
1538 2931 1658 3004 operata
1671 2928 1712 2981 est
1724 2923 1750 2977 in
1765 2936 1810 2975 ma
1826 2939 1836 2964 u

153 3021 247 3078 asino.
276 3019 357 3090 Quod
383 3023 480 3076 autom
509 3018 590 3086 dicit,
606 3042 620 3069 ιι
638 3018 669 3074 in
685 3019 770 3075 dorne
799 3018 982 3076 Simonisle-
1035 3017 1114 3074 Mitis
1125 3017 1308 3092 etbeoignus
1319 3019 1460 3092 magister
1471 3035 1529 3075 non
1545 3017 1642 3092 arguit
1654 3010 1799 3084 discipulos
1810 3007 1837 3060 de

153 3109 243 3183 prosi,
254 3132 264 3160 ι
278 3107 427 3166 Simonem
436 3107 515 3165 hunc
527 3125 584 3164 non
596 3107 737 3164 debemus
751 3113 854 3182 putere
863 3125 895 3165 oo
908 3113 980 3164 tem·
1036 3105 1168 3164 mulieris
1181 3106 1391 3180 indignatione,
1402 3123 1459 3163 nou
1470 3107 1553 3164 addit
1565 3107 1601 3164 ad
1614 3103 1743 3161 ultimum
1755 3098 1837 3172 ipsum

153 3215 222 3273 pore
236 3197 326 3256 luisse
334 3198 493 3272 leprosum,
503 3197 553 3254 sed
564 3195 681 3269 quidem
693 3195 827 3268 leprosus
838 3197 942 3263 iuerat,
951 3183 1016 3252 ot'C
1035 3211 1122 3252 suum
1139 3195 1316 3268 proditorem
1331 3200 1359 3252 et
1373 3195 1546 3253 traditorem
1562 3193 1672 3254 invidia
1684 3207 1750 3264 ergo
1764 3203 1790 3243 se
1804 3184 1838 3240 ia·

155 3285 980 3357 mirabiliteraDominoourutus,pristinoscilieetuemine
1034 3285 1197 3352 borantcm,
1213 3285 1264 3342 scd
1280 3285 1370 3342 dixit:
1388 3309 1402 3336 ιι
1419 3287 1498 3359 Opus
1514 3285 1627 3342 bonum
1641 3285 1755 3355 operata
1767 3279 1804 3331 vsi
1814 3273 1836 3327 io

73 3435 75 3440 ,
153 3379 352 3448 permanente,
369 3377 405 3430 ad
421 3375 593 3431 memoriam
607 3374 767 3429 curationis
782 3372 880 3430 illius:
903 3374 981 3430 sieut
1035 3389 1092 3430 me.
1110 3395 1124 3424 ιι

153 3463 307 3520 Mattheus
316 3461 491 3534 publicanus
502 3461 619 3530 dieitur,
632 3479 688 3518 oon
699 3461 769 3534 quia
781 3461 980 3534 adhuopubli-
1071 3485 1086 3514 ιι
1100 3463 1173 3520 Nam
1189 3479 1305 3537 semper
1320 3479 1462 3537 pauperes
1477 3463 1626 3520 habebitis
1640 3459 1839 3520 vobiscumet

153 3567 245 3610 canus
260 3555 347 3620 esset,
364 3551 414 3606 sed
430 3550 500 3624 quie
514 3549 584 3606 olim
595 3549 770 3622 publicanus
780 3550 932 3606 exstiterit.
947 3551 980 3607 llt
1034 3555 1132 3608 autem
1148 3569 1264 3626 semper
1278 3569 1335 3608 non
1357 3552 1514 3610 habebitis,
1532 3575 1547 3603 ιι
1564 3553 1596 3610 lu
1613 3551 1669 3609 hoc
1683 3543 1841 3606 contrarium

153 3639 274 3714 pulchre
287 3638 427 3696 Dominus
439 3641 506 3694 unte
517 3637 683 3711 passionem
697 3639 726 3694 in
737 3637 877 3695 Bethania
889 3639 980 3698 luisse
1034 3655 1098 3698 csse
1112 3641 1226 3697 videtur
1240 3641 1282 3698 illi
1298 3643 1426 3698 sermoni
1442 3659 1499 3714 quo
1510 3643 1583 3698 dicit
1593 3639 1732 3698 Dominus
1743 3652 1749 3692 :
1760 3657 1772 3685 ιι
1786 3632 1842 3686 litet

153 3727 269 3803 legitur.
277 3727 417 3784 Bethania
427 3725 981 3799 quippeinterpretaturdomusobedien·

152 3819 211 3885 tiae,
221 3822 254 3873 ut
264 3821 364 3890 aperte
372 3815 539 3872 ostenderet
549 3815 619 3887 quia
630 3832 681 3887 per
691 3831 839 3873 summam
848 3817 982 3874 obedion-

112 3911 118 3918 “
152 3907 225 3962 tiom
240 3906 275 3962 ad
291 3904 458 3978 passionem
473 3904 593 3961 veniret.

188 4019 202 4046 ιι
218 3993 348 4051 Accessit
359 3992 395 4049 ad
409 4006 476 4050 eum
487 3992 602 4067 mulier,
614 3993 725 4050 hahens
736 3993 917 4052 alabastrum
928 4013 980 4053 un-

153 4106 167 4136 «
178 4083 277 4159 guenti
287 4081 418 4157 pretiosi.
428 4104 442 4132 u
453 4083 516 4140 llaee
527 4082 633 4139 mulier
641 4082 704 4158 ipsa
714 4089 759 4140 est
767 4083 981 4159 Moriablsgdu·

1033 3744 1086 3801 ego
1101 3728 1252 3786 vobiscum
1268 3747 1333 3786 sum
1349 3730 1488 3786 omnibus
1503 3730 1611 3788 diebus
1630 3743 1723 3801 usque
1737 3723 1770 3781 ad
1784 3735 1842 3776 cou-

1034 3818 1261 3876 summationem
1277 3818 1374 3875 saculi
1389 3821 1493 3889 (lduttb.
1509 3823 1621 3890 xxviii).
1642 3843 1652 3869 ιι
1670 3815 1724 3874 Sed
1740 3809 1803 3869 illud
1816 3807 1844 3862 dt

1034 3906 1184 3963 divinitate
1193 3908 1534 3981 accipiendumest‚illud
1543 3900 1844 3966 verodehumanitute:

1034 4013 1102 4052 nam
1116 3997 1279 4052 secundum
1294 3997 1510 4055 humanitatem
1526 4016 1585 4055 non
1603 4011 1720 4070 semper
1734 4007 1794 4048 cum
1811 3983 1846 4040 eis

1033 4090 1079 4142 est
1089 4090 1266 4143 moraturus.
1278 4109 1291 4138 ιι
1300 4085 1386 4153 Nam,
1394 4087 1501 4159 inquit,
1510 4105 1630 4165 semper
1638 4081 1778 4144 habebitis
1788 4091 1846 4151 pau·

150 4175 230 4242 lena,
243 4173 278 4230 de
293 4189 352 4246 quu
362 4171 505 4230 Dominus
520 4176 633 4246 septem
648 4172 895 4246 demontaejecit.
912 4178 979 4244 Qua
1035 4191 1128 4249 peres,
1144 4197 1158 4226 ιι
1175 4179 1204 4232 et
1219 4175 1451 4232 misericordiam
1466 4175 1509 4233 eis
1525 4176 1660 4250 poteritis
1684 4168 1844 4245 impendere.

151 4261 451 4338 primumquidemad
462 4261 897 4320 Dominumaccedensindomo
909 4263 980 4320 Pha.
1036 4285 1050 4314 ιι
1066 4280 1112 4320 me
1127 4269 1226 4320 autem
1241 4280 1300 4336 non
1317 4281 1433 4337 semper
1447 4265 1606 4324 habebitis.
1625 4289 1640 4316 u

152 4352 238 4421 nissi,
256 4350 394 4425 lacrymis
409 4351 498 4425 pedes
513 4351 577 4422 ejus
601 4351 694 4407 abluit
716 4355 744 4407 et
759 4351 871 4425 cupillis
887 4355 980 4410 tersit·
1069 4376 1083 4404 ιι
1100 4353 1218 4409 Mittens
1233 4353 1310 4410 enim
1327 4353 1387 4410 haec
1410 4359 1596 4428 unguentum
1624 4355 1679 4411 lioe
1703 4351 1733 4409 io
1755 4357 1846 4417 cerpus

151 4429 978 4515 Postmodumvero'lamilierisDemtnoellectu,adipsum
1035 4465 1049 4493 ιι
1065 4459 1175 4510 meum,
1192 4443 1229 4498 ad
1245 4443 1445 4516 sepeliendum
1462 4461 1509 4500 me
1525 4443 1603 4501 lecit.
1622 4467 1637 4495 ιι
1653 4443 1742 4499 illest
1756 4446 1846 4492 sensus

153 4533 241 4606 caput
258 4528 428 4602 ungendum
441 4528 573 4586 accessit.
590 4529 625 4585 Et
640 4528 710 4602 quia
725 4526 853 4585 multum
869 4529 978 4600 dilexit,
995 4554 1019 4619 ὓ
1034 4533 1158 4588 istorum
1173 4533 1329 4589 verborum
1347 4549 1354 4588 ι
1370 4531 1558 4606 Unguentum
1581 4533 1662 4606 quod
1678 4547 1729 4588 ves
1752 4520 1847 4601 pultill

151 4619 314 4676 multorum
332 4623 520 4692 peecatorum
539 4616 651 4674 veniam
671 4617 843 4689 promeruit.
859 4616 980 4676 Alabas-

150 4712 228 4765 trum
236 4724 330 4782 genus
341 4712 385 4764 est
396 4706 551 4785 marmoris
557 4703 929 4779 pretiesi,variiseoloribus
936 4707 980 4766 iu-

148 4795 981 4871 tertinotiquodteruntmrdioioptimumesseadunguen-

149 4890 179 4938 ta
194 4884 364 4958 incorrupta
386 4885 538 4954 servanda.
557 4907 572 4936 ιι
588 4882 718 4940 Pretiosi.
731 4907 745 4935 ιι
761 4882 841 4940 tilius
855 4899 979 4958 evange-

148 4970 977 5048 listadioitquomodohocunguentumlucritpretiosum,

149 5075 274 5120 narrans
288 5060 360 5116 iilud
372 5079 406 5118 ex
415 5063 504 5120 nardo
514 5063 618 5136 pistica
628 5063 747 5119 lactum.
757 5062 978 5120 Nardusautem

148 5149 246 5204 trutex
256 5153 301 5205 est
312 5149 481 5219 aromatica,
494 5153 596 5226 pingui
610 5157 639 5209 et
654 5151 733 5208 tenui
750 5151 857 5218 radice,
874 5150 978 5223 priuci-

149 5242 251 5310 patnm
265 5241 370 5293 tenens
386 5237 462 5295 inter
472 5256 573 5297 omnes
585 5240 706 5316 species,
721 5240 756 5306 de
769 5240 877 5314 quibus
889 5241 978 5296 confi·

148 5325 269 5396 ciuntur
284 5331 423 5400 uguenta.
440 5329 556 5398 Pistioa,
579 5329 609 5387 id
635 5337 680 5387 est
699 5331 805 5398 fidelis,
830 5347 887 5387 aon
916 5347 977 5388 cor-

147 5419 245 5489 rupta,
262 5415 339 5472 sieut
350 5415 445 5472 solent
458 5417 562 5475 medici
574 5420 751 5492 quibusdem
765 5419 863 5476 herbis
873 5421 978 5478 verita-

145 5509 205 5564 tem
222 5509 442 5578 unguentorum
460 5523 655 5581 corrumpere.
667 5507 979 5582 Aliusevangolistaut

147 5595 314 5660 ostenderet
329 5595 383 5656 hoo
400 5599 582 5675 numentum
603 5597 849 5676 pretiosissimum
875 5597 977 5672 luisse,

1034 4615 1846 4693 essecuusamperditionis,offioiumestmeeseputturae·

1035 4733 1048 4761 ιι
1061 4709 1263 4767 Mittensenim
1272 4710 1331 4766 hac
1341 4717 1524 4784 unguentum
1533 4711 1587 4769 hoo
1596 4711 1628 4767 in
1637 4715 1847 4783 eorpusmeumt

1034 4800 1070 4856 ad
1086 4797 1286 4872 sepeliendum
1312 4811 1364 4858 ms.
1384 4800 1461 4857 lecit.
1480 4823 1493 4850 ιι
1509 4800 1539 4856 ld
1554 4805 1610 4869 est,
1627 4814 1735 4872 corpus
1761 4801 1847 4848 meum

1034 4887 1172 4961 prevenit
1187 4904 1295 4963 ungere
1310 4889 1380 4946 dum
1397 4889 1493 4960 adhuc
1507 4889 1581 4957 vivo,
1594 4889 1676 4962 quod
1693 4877 1849 4944 factumest

1034 4977 1192 5045 mortuo,si
1206 4976 1322 5033 licuerit
1335 4978 1371 5034 ei.
1380 4978 1517 5052 Legimus
1533 4994 1664 5054 namque
1678 4974 1747 5049 quia
1760 4966 1848 5040 Maris,

1034 5064 1129 5139 posito
1138 5065 1260 5122 Domino
1268 5066 1298 5121 in
1310 5072 1509 5135 monumento,
1520 5083 1587 5123 cum
1599 5065 1667 5122 aliis
1678 5059 1786 5120 sanctis
1796 5069 1850 5112 mu·

1033 5154 1154 5212 lienibus
1169 5155 1240 5226 emit
1252 5160 1382 5212 aromata
1398 5159 1426 5211 et
1441 5155 1498 5210 alia
1513 5159 1668 5229 unguenta
1683 5145 1850 5228 pretiosam

1032 5245 1181 5301 venientes
1197 5249 1340 5318 ungerent
1350 5260 1457 5316 corpus
1466 5243 1590 5301 Domini.
1600 5243 1687 5311 Quod
1697 5246 1793 5298 tanim
1804 5230 1850 5290 mi·

1033 5333 1112 5389 ninus
1125 5332 1249 5408 implere
1263 5333 1368 5406 potuit,
1385 5333 1453 5406 quia
1477 5338 1622 5407 preventa
1650 5331 1707 5388 ruit
1731 5334 1851 5384 resurre-

1032 5421 1128 5479 etione
1143 5419 1267 5479 Domini.
1278 5421 1337 5478 lieo
1351 5417 1402 5477 illo
1415 5422 1542 5494 pertinet
1555 5421 1634 5496 quod
1650 5417 1793 5476 Dominus
1802 5409 1851 5466 ait:

1033 5535 1047 5562 ιι
1063 5511 1105 5568 Ad
1121 5509 1321 5584 sepeliendum
1337 5527 1384 5566 me
1398 5509 1477 5578 lecit,
1492 5533 1505 5561 ιι
1521 5511 1549 5568 id
1566 5513 1610 5568 ast
1639 5508 1721 5583 quod
1746 5503 1851 5562 mortuo

1032 5601 1144 5658 lactura
1158 5605 1212 5674 est,
1223 5600 1246 5656 si
1263 5600 1378 5658 licuerit
1387 5603 1423 5673 ei,
1433 5600 1496 5660 vivo
1507 5601 1579 5660 mihi
1589 5597 1723 5660 exhiberi
1736 5586 1851 5654 studuit·
