3872 6168
142 340 191 400 arr
627 315 635 324 '
756 335 932 398 ricuinus
950 337 1004 398 eo
1026 337 1224 398 raaironu.
1779 340 1838 404 acc

140 473 216 532 sione
233 469 362 530 nominis
390 469 508 540 Christi,
529 469 574 527 vel
596 487 719 545 agonem
742 471 884 545 martyrii,
913 469 957 528 uel
972 470 1000 540 Α
1014 469 1097 528 nium
1111 469 1212 528 luisse.
1226 471 1267 528 Ne
1282 474 1380 529 autem
1395 469 1453 530 ista
1468 470 1836 550 solisobscuritasrepente

140 563 269 620 arctioris
284 562 347 618 vita
364 560 498 617 instituta
513 562 649 616 subcunt.
667 559 710 616 lili
726 560 804 616 enim
825 560 875 633 qui
896 560 957 616 solo
1013 563 1042 617 et
1056 560 1155 618 subita
1170 561 1260 618 luisse
1276 561 1402 630 dicatur,
1420 579 1477 619 non
1492 561 1589 618 solum
1605 580 1664 619 nna
1687 563 1769 634 hors,
1786 569 1837 624 sed

139 651 245 708 intuitu
271 649 515 707 remunerationis
540 666 630 722 super
649 667 681 706 se
696 649 767 706 talia
791 653 957 719 assumunt,
1013 650 1101 706 etiam
1117 649 1211 706 tribus
1226 650 1306 707 horis
1321 651 1464 724 protelata
1478 655 1534 718 est,
1549 652 1579 707 id
1595 657 1639 709 est
1653 657 1757 710 asexta
1767 655 1839 712 hora

138 741 221 798 laude
236 744 265 797 et
279 739 383 796 merito
399 741 499 795 dentre
514 739 620 812 patroni
631 743 829 812 coequentur.
847 739 890 796 llli
907 757 958 796 au·
1013 755 1107 812 usque
1122 740 1158 796 ad
1175 757 1282 795 nonam
1298 739 1411 797 horam.
1428 741 1611 799 Credendum
1625 758 1692 798 vero
1704 745 1838 816 estquod

138 835 194 887 tem
210 831 263 903 qui
278 829 408 904 qualibet
423 827 591 896 ulianense,
607 827 651 884 vel
668 845 791 900 agonem
816 827 957 902 martyrii,
1014 828 1090 884 sicut
1105 828 1147 884 sol
1164 845 1253 900 super
1267 833 1360 886 terras
1374 829 1584 887 obscuritatem
1598 848 1704 904 passus
1720 837 1775 900 est,
1797 832 1839 890 ita

136 919 178 978 vel
193 918 327 976 arctioris
342 917 404 995 vita
420 917 555 974 instituta
571 917 692 985 ducunt,
708 916 821 975 sinistri
836 917 959 974 latronis
1013 918 1100 976 etiam
1118 919 1187 974 luna
1201 918 1257 974 sub
1268 917 1540 976 terrisrudioslucis
1555 921 1840 978 suaeahstraxit.1m·

135 1009 259 1084 pertidia
274 1008 477 1080 designantur,
493 1006 543 1078 qni
559 1007 614 1062 sub
629 1007 812 1063 consessione
831 1006 959 1064 nominis
1013 1007 1092 1080 plata
1108 1011 1153 1063 est
1169 1006 1218 1066 hie
1235 1005 1389 1080 prophetia
1402 1007 1492 1065 Joelis
1507 1009 1645 1067 dicentis:
1670 1033 1684 1061 «
1700 1010 1748 1067 Sol
1771 1028 1841 1068 con·

135 1099 254 1170 Christi,
269 1098 321 1155 sed
336 1114 395 1153 non
410 1095 960 1154 umoreilliusarctiorisvitaeiustitntta
1012 1100 1142 1153 vertetur
1157 1096 1187 1152 in
1201 1097 1346 1166 tenebras,
1373 1101 1401 1154 et
1424 1096 1496 1154 luna
1520 1097 1549 1154 in
1567 1099 1742 1173 sanguinem
1758 1101 1838 1174 (lael.

137 1190 274 1247 subeunt.
1014 1187 1054 1259 n).
1073 1185 1247 1243 »subtraxit
1261 1190 1359 1243 autem
1374 1187 1472 1244 radios
1492 1204 1572 1258 suos,
1595 1205 1631 1245 ne
1643 1189 1687 1245 vel
1712 1190 1840 1247 morien·

172 1302 186 1330 n
202 1280 414 1335 Pretereuntes
430 1280 528 1332 autem
546 1275 825 1349 blasphemaverunt
850 1292 927 1332 eum.
944 1297 957 1328 a
1013 1279 1072 1333 tem
1083 1276 1242 1333 Dominum
1258 1293 1346 1332 suum
1361 1275 1391 1332 in
1406 1293 1492 1334 cruce
1506 1276 1633 1334 videret:
1660 1278 1720 1336 sive
1739 1277 1839 1352 etiam,

141 1370 347 1426 Pretereuntes
362 1366 512 1432 dicuntur,
527 1365 597 1438 quia
612 1365 814 1438 praeterierunt
821 1365 920 1434 vitam,
930 1365 960 1422 id
1014 1369 1047 1421 ut
1059 1365 1152 1423 iudaei
1167 1365 1294 1422 ministri
1310 1365 1593 1438 iniquitatislumine
1605 1365 1753 1425 illiusnon
1763 1369 1840 1426 irue-

142 1464 182 1516 est
196 1457 356 1529 Christum,
371 1459 520 1512 moventes
544 1453 640 1527 eapite
665 1472 719 1511 sua
738 1459 839 1511 eontra
860 1455 959 1511 Domi·
1014 1460 1124 1512 rentur.

143 1566 220 1618 num,
235 1547 286 1621 qui
301 1547 385 1620 prius
400 1547 553 1602 moverant
571 1544 691 1618 pedesa
715 1543 889 1601 rectitudine
908 1543 959 1601 vie
1051 1568 1064 1596 α
1081 1547 1115 1601 itt
1139 1543 1216 1600 eirea
1239 1544 1342 1600 horam
1368 1561 1475 1601 nouam
1497 1545 1636 1602 clamavit
1658 1547 1744 1604 iesus
1770 1565 1841 1605 roae

142 1635 265 1710 justitia.
1014 1657 1029 1686 α
1046 1651 1162 1708 magna,
1188 1633 1302 1690 dicens:
1328 1632 1383 1704 llli,
1408 1634 1464 1704 llli,
1488 1633 1599 1692 lamma
1618 1635 1809 1694 sabachtani?
1824 1660 1839 1689 c

178 1722 961 1798 nilliossnlvosl'ecit,seipsumnonpotestsalvumlace-
1014 1725 1094 1782 Siout
1109 1723 1200 1794 sitire,
1217 1721 1366 1790 ellassari,
1382 1724 1543 1781 etdormirs
1556 1742 1614 1782 non
1630 1729 1675 1782 est
1685 1726 1836 1799 proprium

147 1839 160 1866 r
174 1833 209 1872 re.
226 1814 960 1887 »velintnolinttndaiconfitenturquouuominus
974 1848 998 1913 B
1014 1813 1190 1880 Divinitatis,
1206 1814 1258 1870 ssd
1273 1813 1466 1870 humanitatis
1486 1813 1527 1870 ita
1542 1813 1630 1872 etiam
1656 1814 1717 1872 heo
1731 1832 1785 1873 vox
1806 1834 1841 1873 ex

145 1906 222 1962 lesus
235 1904 307 1962 alios
322 1902 419 1960 salvos
433 1904 509 1973 fecit,
526 1904 580 1959 Sed
596 1903 666 1976 quia
681 1903 753 1959 alios
769 1902 837 1959 lecit
851 1901 956 1972 salvos,
1013 1907 1095 1977 parte
1106 1901 1840 1976 humanitatisprocessit,nonexparteDivinitstis.

146 2010 320 2066 consequens
336 1991 831 2065 estutatiamsemetipsumsalvum
843 1991 960 2050 sucintsi
1014 1995 1086 2050 Nam
1103 1993 1267 2049 secundum
1283 1991 1468 2049 Divinitatem
1489 2009 1641 2066 nunquam
1666 1993 1842 2066 relinquitur

145 2082 304 2140 vult.Sedsi
320 2082 464 2139 Dominus
478 2087 548 2138 tuno
563 2080 960 2155 temporisinilloruminsul·
1014 2099 1031 2138 a
1046 2083 1140 2151 Patre,
1156 2082 1318 2138 seeundum
1334 2080 1667 2138 verohumanitatemad
1677 2085 1842 2156 tempusvi-

143 2173 243 2228 tatione
258 2173 294 2228 de
309 2173 598 2240 crucedescenderet,
611 2171 823 2228 etiamillorum
839 2171 961 2229 insulta·
1014 2189 1066 2228 sus
1080 2175 1125 2228 est
1139 2169 1302 2243 derelinqui
1319 2189 1335 2226 a
1351 2171 1445 2238 Patre,
1466 2171 1584 2244 quando
1608 2171 1772 2245 permissus
1797 2177 1843 2230 est

145 2261 269 2318 tionibus
284 2263 401 2333 cedens,
408 2261 547 2318 virtutem
555 2261 700 2332 patientiae
714 2261 799 2319 nobis
812 2279 959 2320 nonmon-
1015 2261 1094 2318 cruci
1109 2261 1199 2334 affigi.
1217 2262 1251 2316 ut
1265 2259 1344 2316 enim
1359 2259 1467 2317 dieitur
1482 2261 1563 2330 Deru,
1579 2279 1599 2328 r,
1615 2277 1706 2318 aucas:
1720 2261 1840 2332 lamma,

144 2355 250 2407 straret.
267 2349 323 2407 Sed
339 2349 481 2408 sustinuit
496 2347 640 2406 Dominus
654 2350 960 2422 probra,etirrisiones
1014 2360 1045 2408 ut
1058 2351 1143 2425 qnidt
1158 2349 1339 2418 sabachtani,
1355 2349 1518 2424 dereliquati
1531 2367 1584 2407 me.

144 2438 265 2513 pertulit.
281 2439 351 2496 Plus
366 2439 445 2496 enim
462 2438 539 2506 tecit,
556 2438 606 2511 qui
623 2439 659 2496 ds
674 2457 759 2499 eruce
775 2441 960 2499 noluitvirus
1051 2464 1065 2492 <c
1082 2439 1174 2497 Etiam
1190 2443 1272 2497 vocat
1283 2439 1347 2496 istc.
1366 2461 1379 2490 »
1396 2439 1653 2511 Hocnonlndsos,
1669 2442 1721 2498 sed
1734 2443 1841 2499 Roma·

143 2527 321 2596 descendere,
337 2528 374 2584 de
388 2527 522 2600 sepulcro
541 2529 667 2584 surrexit
691 2533 835 2599 mortuus,
860 2535 888 2588 et
902 2549 960 2589 non
1015 2548 1070 2588 nos
1085 2528 1281 2588 intelleximus
1297 2527 1405 2586 dixisse
1416 2529 1534 2598 milites,
1545 2519 1683 2602 quianon
1699 2529 1842 2606 intellige·

144 2617 323 2674 crediderunt
336 2617 373 2674 ei.
390 2617 459 2674 Plus
475 2617 553 2674 enim
570 2617 625 2672 luit
640 2618 675 2673 de
690 2624 782 2675 morte
795 2637 958 2696 resurgere,
1015 2619 1490 2692 bantHebraioamproprietatem.
1506 2619 1561 2675 Sed
1568 2619 1668 2692 siquis
1684 2623 1843 2679 contentio-

144 2723 225 2780 quam
241 2708 277 2764 de
292 2723 378 2764 cruce
392 2706 491 2763 nivens
503 2705 689 2763 descendere.
1016 2728 1068 2767 sus
1082 2709 1233 2778 exstiterit,
1254 2713 1283 2764 et
1297 2709 1402 2765 dixerit
1425 2724 1514 2764 none
1539 2709 1694 2779 Romanis:
1714 2711 1765 2767 sed
1790 2727 1843 2783 po·

177 2819 190 2848 u
205 2797 336 2870 idipsum
352 2800 452 2854 autem
466 2800 495 2852 et
507 2795 704 2882 latronas'qui
727 2799 856 2856 crucifixi
878 2808 962 2860 erant
1015 2800 1075 2856 tius
1090 2816 1107 2855 a
1120 2799 1229 2856 iudeis
1243 2796 1651 2864 dictaminissenonahamat
1667 2799 1840 2870 audazquo-

29 2912 34 2921 ·
145 2909 160 2936 u
176 2902 238 2942 cum
254 2901 297 2954 eo,
315 2885 555 2959 improperabant
568 2886 605 2942 ci.
623 2909 637 2936 c
654 2886 712 2942 Hoc
735 2890 961 2961 synecdochicos
1016 2889 1097 2946 niani
1113 2904 1194 2944 more
1209 2885 1295 2944 solito
1309 2885 1453 2960 quidquid
1469 2887 1578 2943 diceret
1593 2885 1745 2955 Dominus,
1754 2889 1789 2945 ad
1798 2888 1841 2943 in·

143 2973 360 3048 intelligendum
371 2977 425 3031 est.
441 2974 504 3030 Non
517 2975 596 3031 enim
610 2979 734 3049 uterque
749 2975 823 3034 latro
838 2979 961 3038 Domino
1017 2978 1136 3035 lamiam
1150 2975 1373 3048 detorquebant.

143 3061 295 3132 insultavit,
312 3063 364 3120 sed
379 3062 961 3138 sicutLucasdistinctiusloquensmani·
1052 3089 1066 3116 n
1085 3067 1119 3122 Et
1137 3065 1274 3122 continuo
1300 3081 1421 3120 currens
1446 3081 1522 3120 unus
1551 3080 1586 3120 ex
1613 3064 1665 3134 eis,
1690 3069 1840 3138 acceptam

144 3153 311 3219 testatum
332 3153 362 3210 in
384 3152 569 3226 blasphemia
592 3159 803 3226 perseverante,
830 3157 902 3214 alter
925 3160 961 3216 <tc
1018 3178 1031 3208 a
1047 3153 1199 3228 spongiam
1213 3152 1344 3226 implevit
1357 3157 1451 3222 aceto,
1467 3153 1797 3226 etimposuitarundini,
1812 3158 1841 3210 et

144 3257 223 3296 eruee
237 3240 397 3314 increpavit
411 3239 610 3307 eom,dieens:
627 3242 823 3316 «Nunquidet
837 3223 999 3304 tutimcsG
1020 3245 1138 3302 «dabat
1153 3243 1178 3298 ei
1193 3242 1302 3298 bibere.
1321 3265 1332 3295 ι
1358 3243 1439 3307 Quod
1461 3245 1553 3309 erant,
1580 3240 1636 3298 hoo
1660 3243 1685 3298 ai
1701 3243 1841 3316 propina·

144 3329 241 3394 Deum,
258 3331 336 3403 quod
354 3331 382 3386 in
400 3331 500 3387 eadem
518 3331 705 3388 damnatione
716 3332 962 3408 eslNosquidom
1017 3335 1098 3406 bant,
1114 3333 1258 3406 quiajam
1274 3347 1292 3388 a
1306 3330 1374 3388 vino
1388 3331 1645 3405 degeneraverunt,
1662 3331 1691 3388 id
1705 3334 1751 3388 est
1765 3332 1843 3389 ebo-

144 3418 228 3492 digna
241 3420 325 3476 laetis
342 3420 515 3493 recepimus,
533 3418 580 3476 hic
595 3423 692 3476 autem
709 3421 778 3493 quid
796 3423 881 3480 lecit?
897 3448 911 3474 c
927 3427 962 3482 m
1018 3424 1064 3480 nis
1079 3423 1216 3496 operibus
1232 3420 1465 3494 patriarcharum
1480 3419 1735 3494 etprophetarum.
1752 3421 1842 3494 Spon-

144 3524 294 3566 eonversus
310 3509 346 3565 ad
358 3508 470 3578 lesum,
482 3509 745 3566 dixit:«ltiement0
753 3513 960 3585 mei‚Domine‚
1017 3513 1066 3588 gia
1080 3527 1237 3570 cavernosa
1251 3510 1397 3582 significat
1421 3527 1471 3567 eor
1493 3509 1662 3567 iudeorum
1686 3509 1842 3566 malitiosis

143 3596 210 3654 dum
222 3597 336 3654 veneris
352 3597 381 3651 in
398 3612 520 3669 regnum
536 3601 621 3654 tuum
635 3599 807 3673 (dccxxiii).
823 3621 837 3654 a
856 3603 961 3661 Possu-
1018 3603 1171 3659 fraudibus
1187 3600 1316 3675 plenum.
1334 3600 1484 3674 Hyssopus
1501 3602 1599 3656 autem
1615 3599 1707 3656 herba
1721 3597 1844 3656 humilis

142 3701 206 3742 mus
218 3691 316 3744 autem
334 3674 978 3765 dicere,quodprimcmquiuemuterqneta-‘
1017 3697 1045 3749 et
1059 3695 1162 3765 pectus
1177 3707 1315 3764 purgans,
1342 3688 1538 3746 humilitatem
1565 3687 1672 3744 Christi
1697 3687 1842 3762 designat.

143 3775 961 3854 troDcminumblasphenmverat,scd,visamagnitudine
1017 3775 1844 3855 llyssopocircumdederuntspongiam,quoniamhumi-

143 3863 961 3938 signorum,obscurationsvidelieetsolisetcommotione
1016 3868 1127 3925 litatem
1149 3867 1255 3924 Christi
1276 3868 1545 3930 circumdederunt:
1561 3871 1590 3924 et
1614 3867 1843 3924 circumvenisse

145 3955 229 4024 terra,
244 3961 273 4012 et
291 3955 442 4028 apertione
467 3955 680 4029 sepulcrorum,
706 3975 783 4014 rinus
807 3961 960 4018 confestim
1016 3960 1200 4032 putaverunt,
1217 3956 1841 4028 quamvariislraudihnsoircumdederunt.

145 4044 338 4113 penitentiam
353 4043 455 4117 egerit,
471 4043 545 4100 alter
558 4044 662 4102 veroin
672 4046 856 4120 blasphemia
867 4067 962 4122 perse·
1016 4047 1153 4104 Calamus
1168 4049 1267 4102 autem
1283 4046 1313 4101 in
1328 4045 1681 4118 quopositaestspongia,
1694 4044 1844 4119 signisscat

145 4135 251 4189 verarit.
1015 4135 1272 4209 scripturamque
1287 4133 1342 4190 hoc
1359 4135 1433 4191 laeto
1449 4134 1636 4206 implebatur.

177 4243 190 4270 c
204 4223 227 4278 Α
241 4226 321 4280 ccccc
336 4227 436 4280 ccccm
452 4221 524 4279 hoca
539 4223 665 4279 tenebras
680 4224 761 4280 rcctae
788 4231 857 4283 suci
873 4245 961 4302 ccpcc
1051 4249 1064 4276 α
1081 4225 1167 4281 ‚iesus
1183 4229 1280 4280 autem
1295 4222 1402 4278 iterum
1418 4221 1548 4279 clamans
1558 4237 1627 4278 voce
1642 4237 1760 4295 magne,
1772 4222 1843 4278 emi·

147 4311 332 4370 «universam
361 4315 481 4379 terram,
510 4327 603 4384 usque
628 4312 783 4371 adhoram
808 4333 926 4375 nonam.
943 4341 958 4370 a
1015 4337 1029 4365 α
1046 4312 1249 4386 sitspiritum.
1268 4335 1282 4362 a
1299 4311 1574 4383 Divinspotcstatis
1593 4309 1841 4383 indicium,spiri·

147 4396 224 4454 Sexta
237 4399 307 4457 hora
321 4400 465 4457 Dominus
479 4401 637 4458 crucifixus
651 4407 707 4471 est,
722 4404 885 4460 secundum
900 4410 959 4463 tres
1014 4407 1077 4458 tum
1092 4400 1235 4458 emisisse.
1251 4400 1340 4456 Nemo
1352 4399 1432 4456 enim
1447 4403 1543 4472 potest
1560 4397 1697 4472 spiritum
1710 4398 1843 4455 emittere

149 4488 337 4561 evangelistas.
354 4489 429 4546 Nam
445 4489 523 4562 quod
539 4489 814 4548 Marcusconilrmat
824 4510 891 4550 eum
904 4499 959 4551 tea
1014 4492 1071 4548 nisi
1079 4491 1197 4547 Creator
1204 4490 1334 4548 omnium
1345 4488 1512 4562 spirituum.
1524 4487 1666 4561 Spiritum
1683 4489 1839 4559 autsmpro

148 4573 183 4630 tia
195 4576 262 4635 bora
275 4595 340 4636 esse
354 4578 536 4649 crucifixum,
553 4578 590 4636 ad
605 4581 959 4640 vocesdudaeorumdebe-
976 4595 999 4659 Ι)
1015 4580 1113 4638 anima
1127 4579 1234 4652 posuit,
1251 4579 1320 4651 quia
1334 4578 1434 4636 anima
1448 4577 1549 4650 utique
1564 4573 1726 4650 spiritualis
1734 4578 1842 4631 natura

64 4663 72 4676 “
149 4679 207 4722 nus
220 4669 373 4742 respicere,
387 4687 514 4742 quorum
528 4668 649 4730 vocibus
663 4669 749 4726 tertia
771 4671 843 4728 hora
866 4674 959 4729 cruci·
1015 4673 1069 4739 est,
1086 4669 1162 4726 sicut
1177 4668 1205 4724 in
1222 4667 1336 4724 Psalmo
1360 4667 1501 4742 legimns:
1529 4687 1543 4716 «
1558 4665 1679 4722 Auferes
1703 4663 1840 4736 spiritum

150 4752 214 4812 fixus
226 4762 278 4814 est.
292 4759 369 4816 Dens
384 4761 483 4816 autem
507 4759 649 4816 Dominus
664 4763 746 4816 sexta
769 4760 842 4818 hora
865 4763 961 4818 cruci·
1015 4776 1116 4816 eorum
1132 4761 1160 4816 et
1172 4757 1307 4814 deficient
1321 4759 1420 4828 (1)εαὶΗ
1437 4759 1507 4825 orii).
1526 4777 1540 4808 a

150 4840 214 4900 linus
226 4843 340 4920 legitur,
362 4846 503 4920 quoniam
528 4848 631 4904 eadem
654 4846 726 4904 horn
748 4848 874 4923 legimus
898 4852 960 4925 pri·
1052 4871 1066 4900 a
1082 4849 1117 4905 nt
1128 4864 1194 4905 ecce
1209 4845 1306 4904 velum
1322 4846 1424 4920 templi
1437 4844 1563 4904 scissum
1578 4848 1623 4901 est
1638 4843 1668 4899 in
1681 4842 1756 4899 duas
1771 4857 1841 4915 par-

150 4945 220 4990 mam
233 4934 384 4992 bominem
406 4935 436 4990 in
450 4935 586 5010 paradiso
611 4951 761 5008 peccasse:
785 4943 814 4994 et
835 4939 959 5013 dignum
1015 4961 1029 4990 a
1045 4943 1099 5008 tes,
1116 4955 1133 4994 a
1148 4953 1264 4994 summo
1281 4953 1374 5009 usque
1386 4937 1534 4993 deorsum.
1553 4955 1567 4985 c
1582 4933 1645 4990 Duo
1670 4935 1753 4989 erant
1777 4929 1841 4988 vela

150 5025 202 5076 erut
214 5027 243 5078 ut
256 5025 487 5098 perpessionem
499 5022 562 5079 Filii
574 5023 625 5080 Dei
640 5025 742 5082 eadem
753 5026 826 5084 bora
837 5029 960 5086 redime·
1013 5027 1126 5101 templi,
1138 5043 1232 5082 unum
1248 5025 1372 5082 interius
1387 5029 1454 5082 ante
1478 5039 1588 5093 aream,
1612 5025 1640 5080 et
1655 5019 1735 5078 aliud
1760 5025 1838 5077 exto-

150 5113 226 5166 tetur.
241 5113 960 5186 Quidamautem,eontrariaveritatisnnetillcan·
1014 5118 1076 5174 rius
1096 5120 1162 5172 ante
1186 5115 1286 5171 altare.
1312 5115 1436 5170 Videtur
1462 5128 1530 5186 ergo
1554 5113 1638 5168 beato
1663 5110 1838 5183 llieronymo

150 5195 206 5268 gelli
219 5201 423 5277 intelligentes,
440 5202 543 5260 dieunt
560 5203 693 5260 naturale
708 5205 778 5262 solis
794 5206 955 5281 deliquium
1011 5207 1084 5263 illud
1099 5203 1226 5262 exterius
1240 5201 1472 5259 velumseissum
1483 5217 1558 5268 esse,
1573 5198 1839 5273 utpoterentnobis

151 5290 304 5364 tantigisse,
320 5293 399 5367 qnod
416 5309 474 5350 non
490 5291 686 5366 intelligentes
709 5295 843 5366 apostoli,
869 5313 958 5370 super
1004 5297 1194 5353 sacramenta
1208 5290 1343 5359 celestia,
1360 5308 1423 5365 quae
1439 5289 1469 5346 in
1484 5289 1581 5346 Veteri
1596 5289 1783 5346 Testamento
1800 5290 1840 5342 ta-

151 5372 250 5437 Domini
265 5381 826 5454 passionemintcrpretatisunt.Quibus
837 5401 957 5458 respon·
1012 5383 1156 5441 rebantur
1170 5380 1291 5437 occulta.
1308 5381 1343 5436 nt
1358 5397 1416 5436 nou
1433 5379 1530 5437 solum
1545 5377 1643 5436 velum
1659 5375 1761 5449 templi
1770 5374 1839 5432 seis-

151 5463 263 5526 dcndum
277 5475 333 5538 est,
350 5472 426 5543 quod
453 5469 616 5544 deliquium
631 5471 701 5528 solis
723 5489 874 5545 nunquam
900 5474 957 5532 nisi
1011 5489 1078 5530 sum
1090 5475 1145 5540 est,
1162 5470 1211 5526 sed
1228 5467 1836 5544 etiamvirtutesangelicarumpotestatum

151 5553 231 5623 pnma
244 5557 315 5630 luna
330 5560 392 5616 lieri
410 5563 514 5633 potest.
539 5559 657 5616 Cenem
680 5564 777 5617 antem
802 5563 957 5620 testivitate
1011 5561 1052 5617 ibi
1068 5549 1835 5626 nuiliteconsumentium:Transeamuscbhislooia

152 5645 275 5718 tumbali,
292 5649 410 5721 quando
426 5649 583 5708 crucifixus
596 5651 641 5707 est
655 5649 807 5720 Dominus,
831 5651 955 5725 plenilu-
1016 5649 1060 5708 vel
1077 5648 1207 5707 sedibus.
1224 5671 1238 5698 «
1256 5648 1290 5705 tlt
1313 5651 1391 5706 tarra
1415 5651 1494 5706 mota
1517 5652 1571 5718 est,
1587 5654 1614 5703 et
1629 5646 1715 5717 petrae
1738 5636 1837 5698 nasse
