3930 6172
182 446 186 460 ,
217 383 275 445 aas
498 374 702 439 neruosus
726 372 997 436 rinnasnsuur.
1022 371 1144 436 episc.
1167 365 1253 435 our.
1278 374 1377 436 unus
1400 336 1636 438 1'1.-uouu.
1837 373 1881 446 :n

218 538 233 568 c
249 529 361 572 verum.
379 535 392 562 n
409 510 568 566 Videamus
592 508 660 581 quid
685 507 816 574 audiant,
837 506 993 562 audiamus
1015 509 1043 560 ct
1056 503 1085 572 Α
1099 503 1175 561 niret
1190 506 1225 562 ad
1250 522 1378 562 erucem.
1401 505 1519 562 Distulit
1532 505 1648 582 quidem
1672 509 1823 581 potentiam,
1843 518 1881 572 scd

218 622 282 670 nos,
298 601 349 658 sed
366 617 423 656 non
439 599 514 656 sicut
527 597 589 653 illi:
606 597 648 652 illi
671 599 898 662 contemnentes,
916 611 970 650 nos
982 611 1043 650 cre·
1098 592 1257 666 publicarit
1273 593 1515 651 misericordiam.
1527 594 1607 653 Unde
1621 596 1730 652 distulit
1742 601 1884 670 potentiam?

217 693 339 757 dentes;
365 687 407 744 illi
423 687 571 744 Christum
601 685 730 742 occidere
759 682 900 754 volentes,
925 699 1045 756 uesper
1098 683 1883 766 Ouiadoerucedescenderenoluit,quipotuitdescpul·

217 780 365 837 Christum
391 777 485 832 vivere
504 775 664 848 cupientes.
680 775 799 830 Interim
825 773 882 828 ista
904 771 1045 828 distantia
1098 788 1146 826 cro
1158 788 1320 844 resurgere.
1332 771 1885 846 Undepublioavitmisericordiamlouia
1947 823 1948 840 ι

218 867 381 940 distinguat
405 881 491 921 aures
515 867 686 935 mentesque
705 867 830 932 nostras,
845 867 874 918 et
888 861 1043 918 audiamus
1098 859 1229 933 pendens
1244 859 1274 914 in
1289 877 1385 930 eruce,
1403 859 1494 916 dixit:
1512 885 1525 912 ιι
1537 862 1631 931 Pater,
1643 862 1753 936 ignosce
1766 864 1823 934 illis,
1833 870 1886 940 quis
1947 867 1948 908 ἕ

218 957 288 1028 quid
304 954 412 1011 ludaeis
429 952 611 1025 responderit
627 951 780 1007 Dominus.
1100 947 1233 1004 nesciunt
1246 948 1317 1021 quid
1328 948 1523 1019 laciuntttne.
1533 953 1622 1020 xxiii).
1632 974 1646 1002 n
1657 951 1786 1027 sineergo
1796 961 1887 1029 propter
1947 983 1948 1000 ι

253 1040 445 1114 «Respondit
465 1039 609 1110 lesus,et
634 1038 708 1094 dixit
736 1039 798 1095 cis:
828 1038 900 1094 Etsi
928 1055 981 1112 ego
1008 1039 1043 1095 de
1098 1035 1886 1111 hoc,quianonveneratjudicaremundum,sedsalvare
1947 1065 1948 1082 ³

218 1154 232 1182 ιι
249 1130 360 1204 meipso
375 1128 576 1185 testimonium
586 1127 734 1201 perhibeo,
744 1145 844 1184 verum
856 1133 899 1184 est
914 1127 1044 1184 testimo·
1098 1126 1254 1196 mundum,
1264 1125 1350 1182 dixit:
1363 1149 1377 1176 ιι
1388 1127 1886 1203 Egononjudieoquemquam;»sive,

218 1219 330 1274 «nium
344 1215 1043 1290 meum:quiescioundevenioetquovado.»
1099 1215 1347 1288 quemadmodum
1374 1217 1611 1284 commemorari,
1639 1219 1770 1291 quoniam
1793 1220 1885 1289 dixerat,
1947 1245 1948 1278 ;

217 1308 331 1363 Patrem
346 1306 460 1362 volebat
474 1305 607 1378 intelligi.
623 1307 656 1361 ht
671 1306 695 1362 si
711 1303 788 1361 Patri
811 1303 934 1378 gloriam
957 1306 1045 1362 dabat
1100 1301 1886 1382 «Vossecundumtaruennensis,»addiditntgonn
1947 1331 1948 1366 3

216 1395 316 1464 Filius,
348 1393 469 1468 equalis
495 1393 639 1467 glorillcat
664 1410 732 1450 eum
747 1411 765 1450 a
779 1410 837 1466 quo
859 1399 903 1451 est
923 1395 1043 1466 missus,
1094 1391 1383 1466 judieoquemquam
1395 1409 1403 1449 :
1415 1415 1429 1442 u
1440 1391 1695 1467 utintelligamus,
1707 1395 1837 1452 Christum
1847 1416 1885 1452 nou

216 1489 360 1558 quantum
372 1483 457 1540 dehet
468 1483 555 1537 linoln
566 1482 729 1555 glorificare
739 1499 806 1538 curn
818 1499 900 1556 aquo
910 1487 954 1540 est
970 1501 1043 1538 crea·
1099 1481 1260 1537 secundum
1277 1498 1394 1537 carnem
1403 1481 1547 1554 judicare,
1561 1483 1722 1539 seeundum
1732 1485 1801 1556 quod
1811 1487 1840 1540 ub
1852 1486 1886 1541 ho

215 1576 289 1632 tas?
304 1599 317 1625 ιι
336 1574 400 1630 Scio
416 1573 493 1627 unde
506 1571 600 1641 conio,
616 1577 645 1628 et
659 1588 715 1644 quo
729 1571 811 1627 vado.
830 1595 843 1621 u
869 1572 926 1628 Iste
948 1572 1042 1645 quiin
1099 1569 1230 1626 minibus
1247 1569 1398 1641 judicatus
1420 1575 1473 1627 est.
1491 1571 1553 1628 Non
1571 1575 1605 1626 ut
1623 1573 1796 1644 cognoscatis
1806 1575 1855 1646 jam
1867 1579 1889 1630 ut

211 1662 370 1736 presentie
383 1662 466 1718 vohis
480 1660 621 1732 loquitur,
639 1659 726 1718 hahet
741 1661 818 1733 quod
834 1678 890 1716 non
905 1661 1043 1728 deseruit,
1094 1659 1227 1731 judicem
1242 1657 1402 1726 Christum,
1419 1659 1517 1715 audite
1533 1660 1606 1732 quid
1622 1660 1766 1734 sequitur:

216 1753 266 1808 sed
282 1757 381 1807 tamen
396 1749 484 1805 venit.
497 1749 559 1804 Non
575 1747 805 1806 enimveniendo
819 1749 1043 1815 indediscessit,
1135 1747 1427 1820 «Etsijudicoego,
1445 1747 1594 1820 judicium
1612 1759 1888 1807 meumverumcst.»
1947 1805 1948 1810 ,

216 1846 268 1898 aut
283 1839 431 1896 redeundo
454 1855 507 1894 nos
522 1836 687 1910 dereliquit,
704 1837 753 1910 qui
768 1837 857 1894 dixit:
879 1859 894 1888 ιι
908 1839 977 1895 llcee
991 1855 1044 1911 rgo
1101 1839 1170 1893 hece
1180 1835 1269 1893 hebet
1281 1835 1475 1907 ctjudieium.
1488 1837 1543 1892 Sed
1557 1853 1683 1911 agnosce
1693 1837 1855 1908 Salvatorom,
1865 1859 1890 1896 nc
1947 1867 1948 1872 ι

215 1929 370 1986 vobiscum
386 1945 452 1984 sum
470 1926 608 1984 omnihus
625 1928 738 1996 diebus,
751 1929 890 2001 usquead
907 1944 1044 1984 consum·
1099 1925 1209 1982 sentias
1221 1925 1378 1996 judicium.
1389 1927 1483 1991 Quare
1493 1931 1592 1982 autem
1604 1927 1678 1984 dixit
1682 1927 1816 1999 judicium
1825 1947 1888 1984 suun
1947 1955 1948 1989 ι

217 2017 376 2074 mationem
394 2015 491 2073 seculi
515 2015 618 2086 (dlcrttlt.
634 2020 732 2086 xxvur)
760 2039 775 2068 »
791 2018 863 2090 llrgo
884 2035 984 2073 rerum
1001 2022 1045 2073 est
1098 2012 1889 2090 verumesse‘loOuissolus,inquit,nonsum,sedego
1947 2045 1948 2076 3

216 2106 419 2163 testimonium
434 2105 567 2172 luminis,
583 2105 643 2161 sive
658 2123 688 2161 se
704 2105 847 2174 ostendat,
866 2105 925 2162 sire
940 2106 1042 2162 aliter:
1099 2127 1112 2154 ιι
1130 2107 1159 2160 et
1175 2101 1225 2176 qui
1242 2103 1322 2158 misit
1337 2119 1394 2170 me,
1405 2103 1499 2158 Pater.
1517 2127 1531 2153 u
1547 2105 1622 2169 Quid
1640 2111 1684 2160 est
1697 2105 1791 2162 missio
1800 2106 1888 2173 Christi,
1947 2135 1948 2149 ι

216 2196 284 2269 quia
300 2195 363 2250 sine
379 2193 488 2250 lumine
505 2211 562 2249 non
588 2198 681 2268 potest
696 2195 786 2250 videri
803 2192 912 2260 lumen,
929 2201 957 2250 et
981 2195 1044 2252 sine
1099 2192 1155 2248 nisi
1172 2192 1334 2247 incarnatio
1346 2191 1432 2263 ojusl
1446 2191 1555 2248 Missus
1566 2197 1612 2248 est
1626 2193 1767 2260 Christus,
1778 2193 1887 2260 idemest,

216 2285 327 2340 lumine
344 2299 399 2339 non
416 2287 512 2356 potest
522 2284 613 2339 videri
625 2283 776 2356 quodlibet
790 2283 880 2350 uliud,
896 2285 972 2356 quod
987 2301 1042 2340 non
1098 2281 1122 2338 si
1139 2281 1229 2348 dicas,
1245 2279 1416 2337 incarnatus
1428 2284 1472 2336 est
1485 2280 1632 2338 Christus.
1645 2283 1681 2338 m
1693 2283 1796 2339 aPetre
1809 2271 1886 2339 missu's
1947 2314 1948 2320 ι

216 2378 261 2431 est
277 2373 385 2430 lumen.
400 2373 481 2428 Sicut
497 2371 574 2428 enim
590 2370 688 2427 lumen
707 2377 736 2426 et
750 2372 878 2443 seipsum
905 2363 1043 2442 ostendit:
1097 2373 1168 2438 erat,
1186 2374 1213 2425 et
1229 2387 1246 2425 a
1260 2369 1344 2426 Patro
1369 2384 1522 2442 nunquam
1548 2371 1681 2428 recessit.
1699 2373 1730 2427 m
1743 2371 1786 2427 hic
1801 2373 1888 2445 luitpcr
1947 2433 1948 2436 Ἴ

216 2467 244 2519 et
257 2479 320 2535 quie
336 2463 410 2518 circa
426 2465 512 2517 sunt:
534 2460 574 2516 ita
589 2465 617 2516 et
631 2460 775 2530 Christus,
792 2465 821 2516 et
842 2461 972 2533 seipsum
996 2479 1042 2519 os·
1097 2457 1891 2532 incarnationem‚cthicestmodoperdiviuitutem.lides
1947 2505 1948 2508 ι

216 2551 318 2620 tendit,
340 2555 369 2606 et
397 2550 470 2606 alios
500 2549 656 2616 illuminat,
674 2549 722 2621 qui
752 2549 891 2606 charitate
921 2551 1042 2607 circase
1097 2564 1165 2621 ergo
1192 2548 1418 2604 mundateorda
1444 2553 1552 2617 nostra,
1572 2555 1605 2604 ut
1626 2548 1892 2622 intellectusimplect

217 2645 297 2706 sunt,
308 2645 336 2696 et
347 2643 512 2713 sequuntur
522 2637 616 2704 illum,
630 2655 687 2693 non
700 2639 806 2710 pedum
818 2639 980 2712 gressibus,
991 2641 1041 2696 sed
1097 2637 1186 2694 corda
1201 2641 1310 2693 nostra.
1323 2637 1356 2691 Et
1366 2640 1398 2691 ut
1409 2635 1621 2709 intelligamus,
1637 2639 1801 2712 mysterium
1813 2639 1892 2694 salutis

215 2729 366 2786 charitatis
377 2728 490 2784 olllciis.
504 2727 582 2784 Duos
591 2727 733 2784 adventus
745 2727 858 2782 Domini
871 2729 962 2784 nostri
971 2729 1040 2786 Jesu
1096 2732 1203 2784 nostroe
1216 2727 1308 2782 altum
1321 2730 1375 2795 cst,
1386 2727 1564 2798 protundum
1577 2733 1633 2793 est,
1645 2733 1785 2784 secretum
1794 2733 1839 2786 est.
1851 2745 1893 2781 una

214 2814 320 2875 Christi
345 2817 472 2892 legimus
488 2817 516 2872 iu
540 2816 699 2889 Scripturis
723 2817 865 2872 sunctisa
892 2817 1041 2891 prophetis
1096 2816 1262 2873 substantia
1274 2815 1608 2884 est,unadivinitasest‚
1620 2816 1893 2888 unamajestasPatris

215 2924 279 2963 esse
295 2907 465 2979 praedictos:
491 2921 583 2961 unum
606 2904 820 2974 misericordia,
842 2905 891 2978 qui
907 2911 1041 2980 peractus
1096 2911 1124 2962 ct
1139 2905 1212 2962 Filii.
1227 2906 1312 2961 Pater
1324 2921 1382 2960 non
1398 2921 1503 2978 passus
1513 2909 1566 2972 est,
1581 2907 1636 2963 sed
1651 2906 1730 2963 solus
1741 2905 1893 2976 Filiushgo

215 3000 270 3061 est,
288 2994 411 3052 alterum
424 2993 539 3066 judicii,
561 2993 611 3065 qui
633 2998 772 3050 venturus
784 2999 837 3050 est.
860 2994 957 3050 Prima
973 3013 1040 3070 ergo
1095 2995 1294 3069 intelligamus
1302 2994 1473 3050 missionem
1482 2993 1545 3050 Filii
1555 2995 1739 3052 nominatam
1748 2995 1892 3052 incarnatio·

214 3084 394 3156 dispensatio
406 3082 519 3138 Domini
535 3083 626 3139 nostri
638 3082 706 3138 lesu
722 3083 828 3140 Christi
847 3083 1038 3154 medicinalis,
1094 3101 1161 3140 uem
1177 3083 1254 3138 Filii:
1271 3083 1385 3139 Patrem
1399 3087 1495 3137 nutem
1511 3081 1699 3140 incarnatum
1713 3101 1774 3141 esse
1789 3100 1837 3139 non
1850 3097 1893 3136 cre·

214 3189 272 3228 non
285 3171 445 3244 judicialis.
464 3171 536 3228 Nam
553 3172 577 3227 si
593 3171 688 3242 primo
704 3173 831 3228 venisset
841 3172 1038 3244 judicaturus,
1094 3171 1157 3228 das.
1175 3173 1256 3228 Unde
1271 3188 1339 3246 ergo
1353 3187 1453 3227 verum
1469 3175 1513 3226 est
1523 3170 1674 3243 judicium
1691 3173 1763 3245 ejus,
1779 3171 1827 3228 nisi
1841 3170 1893 3242 qaia

214 3263 362 3318 nemiuem
378 3261 537 3318 invenisset
552 3261 597 3316 eui
613 3261 732 3334 premia
747 3260 870 3333 justitia
896 3262 1038 3319 redderet.
1055 3243 1076 3310 C
1094 3278 1181 3318 verus
1194 3265 1238 3318 est
1249 3259 1804 3318 FiliusPatristldeodixit:«.ludicium
1816 3275 1892 3316 nisum

214 3351 287 3416 Quin
301 3367 369 3423 ergo
383 3349 456 3406 vidit
470 3366 572 3405 omues
588 3355 763 3422 peccatores,
788 3353 817 3405 ct
832 3350 962 3405 omnimo
978 3368 1042 3410 esse
1094 3367 1196 3407 verum
1212 3354 1265 3418 cst,
1281 3351 1350 3423 quia
1365 3348 1445 3406 solus
1461 3365 1519 3405 non
1536 3366 1614 3418 som,
1631 3352 1681 3408 sed
1697 3367 1758 3424 ego,
1772 3355 1797 3406 et
1808 3347 1849 3422 qui
1860 3363 1894 3402 me

215 3439 363 3495 neminem
375 3438 537 3493 immunem
551 3443 671 3493 amorte
681 3437 800 3510 peccati,
813 3438 896 3510 prius
906 3443 967 3495 erat
977 3441 1041 3512 ejus
1095 3441 1176 3497 misit
1191 3440 1283 3496 Pater.
1296 3461 1310 3488 ιι
1328 3439 1407 3495 lderu
1423 3455 1492 3512 ergo
1505 3437 1534 3494 in
1549 3437 1606 3495 alio
1620 3439 1685 3497 loco
1699 3439 1781 3495 dixit:
1796 3461 1809 3489 ιι
1822 3439 1894 3510 Cgoct
1947 3473 1948 3506 3

214 3525 414 3581 misericordia
429 3525 627 3598 preroganda,
643 3530 671 3581 et
686 3530 751 3598 post
765 3527 956 3582 exerc-endum
964 3527 1042 3600 judi·
1095 3530 1180 3586 Pater
1190 3545 1282 3585 unum
1296 3545 1400 3586 sumus
1410 3527 1498 3597 (toan.
1514 3531 1556 3598 x).
1568 3551 1582 3578 »
1597 3527 1733 3586 Unumin
1746 3525 1893 3588 substantie,

215 3614 304 3670 cium.
316 3614 388 3680 Quia
399 3615 434 3669 do
448 3612 498 3668 illo
509 3618 674 3670 cantaverat
684 3613 833 3670 Psalmus:
852 3639 866 3664 u
877 3616 1041 3673 hlisoricnr-
1096 3621 1154 3675 duo
1169 3619 1197 3674 in
1214 3635 1348 3690 persona.
1363 3615 1457 3674 Unum
1471 3617 1552 3684 dixit,
1564 3616 1593 3672 iu
1610 3618 1783 3674 substantire
1792 3617 1893 3678 unitate:
1947 3679 1948 3682 Ἴ

215 3703 294 3758 diam
308 3706 336 3758 et
346 3702 493 3774 judicium
508 3703 631 3758 cantabo
646 3701 709 3771 tibi,
734 3703 854 3759 Domine
869 3705 956 3778 (Psoi.
972 3705 1008 3778 c).
1025 3728 1040 3758 n
1096 3699 1893 3779 sumusdixit,propterpcrsonarumdistinctionemtudi

215 3791 277 3848 Non
293 3792 371 3848 enim
387 3791 423 3848 td
444 3790 590 3862 judicium
607 3797 635 3848 el
660 3791 902 3850 misericordiam·
927 3795 999 3855 Nom
1015 3796 1040 3853 si
1096 3798 1165 3872 quid
1176 3795 1264 3854 dixit:
1279 3819 1292 3848 ιι
1303 3797 1371 3869 ligo,
1385 3795 1527 3868 etquime
1538 3795 1629 3863 misit,
1645 3793 1894 3862 Pater.·l]istingue

214 3879 344 3952 primum
360 3885 437 3936 esset
456 3880 615 3951 judicium,
631 3880 713 3937 nulla
731 3886 808 3938 esset
821 3883 1040 3956 misericordia:
1095 3901 1249 3959 personas:
1267 3899 1391 3958 agnosce
1415 3884 1483 3956 quin
1498 3884 1591 3950 Pater,
1607 3885 1696 3941 Pater
1709 3889 1769 3952 est;
1784 3894 1894 3956 agnosce.

215 3967 266 4026 sed
283 3970 377 4041 primo
394 3968 603 4038 misericordia,
619 3975 720 4042 postea
730 3969 886 4043 judicium.
910 3975 978 4040 Qure
997 3978 1042 4031 est
1095 3975 1165 4047 quis
1177 3975 1277 4041 Filius,
1288 3970 1894 4041 Filiusest3neinbarathrumSahelliauuut
1947 4029 1948 4032 ,

214 4057 312 4132 primu
327 4057 546 4114 misericordia?
559 4059 675 4116 Creator
686 4058 813 4115 hominis
824 4060 912 4118 homo
922 4078 987 4119 esse
997 4061 1039 4118 di·
1095 4064 1256 4138 pervenias.
1271 4063 1305 4118 llt
1313 4061 1372 4118 noli
1383 4061 1487 4128 dicere,
1498 4060 1576 4117 aliud
1586 4066 1613 4117 et
1623 4060 1719 4119 aliud:
1731 4062 1779 4117 sed
1789 4056 1894 4115 dinatius

213 4153 320 4222 gnatus
335 4151 390 4214 est,
402 4147 496 4203 lactus
507 4147 584 4221 quod
597 4149 713 4218 lecerat,
724 4165 761 4204 ne
771 4150 849 4222 quod
861 4151 967 4208 lecerat
977 4169 1040 4224 per·
1095 4153 1217 4213 elalius.
1230 4153 1291 4208 Non
1306 4149 1382 4207 aliud
1397 4149 1426 4205 iu
1440 4150 1614 4218 substantia,
1629 4149 1768 4207 sedulius
1781 4148 1806 4203 in
1819 4161 1895 4220 perso·
1947 4181 1948 4214 ι

212 4237 276 4294 iret.
292 4237 367 4304 Ouid
382 4236 451 4293 huio
477 4235 682 4294 misericordie
696 4238 763 4294 addi
779 4241 897 4312 potest?
919 4239 1041 4297 Addidit
1095 4260 1142 4298 uu.
1154 4242 1216 4299 Non
1228 4241 1312 4297 Pater
1324 4241 1427 4312 muJor,
1441 4257 1498 4294 non
1510 4239 1600 4296 Filius
1613 4241 1748 4296 minoriu
1760 4232 1895 4294 divinitatis

211 4329 320 4383 tamen.
337 4327 410 4383 Nam
422 4327 594 4400 reprobatus
607 4328 643 4384 ab
655 4327 836 4397 hominibus,
849 4346 900 4401 pro
914 4346 1039 4402 quorum
1094 4330 1208 4405 gloria:
1226 4330 1276 4385 sed
1293 4328 1386 4395 crede,
1403 4345 1497 4383 unum
1512 4340 1626 4384 sumus.
1643 4329 1675 4385 ln
1691 4345 1725 4386 co
1746 4325 1818 4401 quod
1841 4319 1896 4378 dixit

212 4415 306 4472 salute
319 4419 435 4473 venerat
447 4416 475 4470 in
492 4417 648 4484 mundum,
662 4416 811 4474 irrisiones
822 4418 973 4488 sustinuit,
988 4419 1040 4474 lla·
1096 4421 1160 4494 ipsa
1173 4418 1297 4487 Veritas,
1315 4434 1418 4484 uuum,
1435 4416 1526 4472 libera
1540 4421 1568 4473 to
1583 4417 1620 4472 ab
1637 4417 1728 4487 hrio;
1745 4415 1817 4489 quod
1831 4408 1895 4467 dixit.

211 4504 296 4578 gella,
314 4509 409 4578 sputa,
434 4505 591 4578 opprobria
614 4505 811 4574 inimicorum,
838 4507 1039 4580 turpissimam
1095 4525 1209 4576 sumus,
1227 4507 1358 4564 liberate
1373 4505 1538 4562 oSahcllio.
1554 4505 1583 4562 Si
1600 4523 1704 4573 unum,
1722 4521 1777 4562 non
1790 4517 1849 4574 ergo
1861 4495 1896 4552 di·
1947 4529 1948 4560 1

212 4598 336 4649 mortem
350 4594 453 4650 crocis.
466 4595 530 4651 llaec
541 4595 641 4650 omnia
651 4593 804 4658 sustinuit,
815 4593 993 4666 quiavoluit,
1008 4601 1042 4652 ut
1056 4615 1080 4680 D
1095 4613 1227 4665 versum:
1245 4597 1270 4652 si
1285 4611 1399 4663 sumus,
1414 4612 1471 4650 non
1487 4611 1554 4668 orgo
1568 4610 1654 4650 unus.
1671 4592 1822 4667 Dejudicio
1835 4585 1895 4680 dixt-
1947 4625 1948 4644 ι

211 4681 337 4738 salvaret
349 4681 497 4738 hominem
514 4700 601 4756 quem
624 4687 778 4739 creaverat.
804 4681 923 4738 Nullum
948 4701 1040 4756 genus
1095 4691 1158 4742 rat:
1175 4709 1188 4736 ιι
1207 4686 1265 4758 Ego
1280 4701 1337 4740 non
1349 4683 1450 4755 judico
1465 4699 1643 4756 quemquam
1654 4701 1662 4750 3
1675 4706 1690 4733 n
1705 4683 1741 4739 de
1755 4678 1895 4738 testimonio
1947 4713 1948 4730 ,

212 4769 317 4824 mortis
333 4768 547 4826 intolerabilius
562 4770 617 4825 luit
631 4787 725 4839 cruce,
737 4775 855 4842 propter
865 4769 967 4844 longos
978 4789 1041 4829 cru·
1095 4792 1174 4831 nuno
1188 4772 1250 4830 vult
1268 4773 1371 4830 dicere.

212 4856 324 4915 cintus:
346 4859 396 4915 sed
414 4857 485 4914 nihil
506 4857 662 4932 gloriosius
687 4875 776 4932 quam
802 4860 920 4933 signum
946 4862 1040 4919 crucis
1131 4887 1145 4914 ιι
1162 4864 1193 4919 ln
1209 4861 1282 4936 lege,
1294 4884 1308 4911 u
1322 4861 1427 4933 inquit,
1440 4883 1453 4911 ιι
1463 4865 1557 4916 restra
1566 4859 1708 4933 scriptum
1721 4864 1774 4916 est.
1789 4879 1801 4905 u
1813 4851 1895 4908 Vestra
1947 4865 1948 4868 ¹

212 4950 326 5015 portare
340 4947 369 5002 in
385 4948 488 5004 fronte.
502 4947 582 5005 Unde
598 4946 755 5020 Apostolus
770 4949 820 5018 nit,
836 4948 960 5022 gloriam
975 4967 1040 5007 cru·
1095 4953 1175 5020 dicit,
1186 4955 1326 5024 tanquam
1338 4949 1455 5016 diceret,
1468 4950 1499 5004 ln
1510 4949 1572 5022 lege
1586 4967 1649 5022 quae
1660 4949 1743 5005 vobis
1755 4945 1833 5004 alteo
1843 4941 1895 4994 dala

213 5031 255 5087 cis
271 5035 449 5104 predicans:
469 5060 483 5088 ιι
499 5038 569 5094 Mihi
587 5042 685 5095 autem
700 5037 777 5094 ahsit
791 5037 920 5111 gloriari,
937 5039 993 5096 nisi
1010 5041 1040 5097 iu
1095 5037 1678 5110 estsicutdieimus:Pnnemnostrum
1703 5033 1893 5110 quotidianum.
1947 5067 1948 5084 2

212 5133 296 5175 eruce
312 5124 425 5178 Domini
440 5125 509 5182 Jesu
525 5126 643 5196 Christi,
656 5143 805 5200 perquem
821 5126 895 5183 mihi
910 5129 1040 5186 mundus
1096 5147 1184 5204 quem
1197 5129 1281 5185 allec
1294 5127 1446 5184 nobisdnri
1457 5125 1734 5200 poposcimus-Quid
1747 5116 1862 5194 estquod
1872 5113 1894 5166 1¹¹

213 5209 368 5264 crucifixus
383 5216 469 5268 estet
488 5230 541 5287 ego
556 5216 666 5272 mundo
681 5215 753 5287 (Col.
770 5216 821 5288 vr.)
838 5239 851 5266 n
874 5216 946 5284 Quia
961 5219 1040 5275 venit
1095 5219 1157 5294 lege
1170 5235 1271 5276 eorum
1283 5215 1426 5289 scriptum
1440 5221 1502 5273 est:
1517 5241 1530 5268 ιι
1546 5216 1617 5282 Ouia
1630 5215 1754 5271 duorum
1765 5205 1893 5297 hominum

212 5297 360 5352 neminem
371 5299 514 5374 judicare,
528 5311 740 5378 consequenter
750 5306 766 5362 J
770 5305 859 5363 udaeis
870 5308 1037 5380 rospondit:
1095 5295 1896 5378 «testimoniumverumcstuNunquidsemperduohomt·

250 5407 264 5436 ιι
278 5385 337 5443 Vos
352 5389 513 5444 seeundum
524 5407 640 5449 carnem
648 5395 799 5466 judicetis,
811 5413 864 5470 ego
874 5413 929 5451 non
937 5397 1039 5468 judico
1095 5413 1253 5456 nesverum
1264 5384 1895 5451 dicunttestimoniuthonneduolalsitestcs

214 5499 226 5530 ι
244 5478 1040 5560 quemquam.uPertulitinjustumjudieium,utageret
1095 5492 1195 5544 contra
1209 5487 1375 5542 Susannam
1392 5483 1498 5540 lalsum
1514 5481 1697 5558 protulerunt
1714 5469 1894 5536 testimonium
1947 5539 1948 5542 Ἴ

208 5569 344 5642 justum:
361 5567 410 5623 sed
426 5568 455 5624 in
472 5569 597 5641 eoquod
614 5571 733 5642 pertulit
749 5573 903 5645 injustum,
926 5575 1038 5632 miscri-
1095 5575 1266 5652 (licentiati
1283 5575 1315 5628 tt
1329 5573 1437 5629 Judneis
1452 5573 1649 5646 quarentibus
1665 5569 1770 5627 salsum
1784 5559 1895 5619 testimo·

211 5656 315 5720 nodie
327 5656 390 5718 luit.
403 5657 533 5738 Denique
542 5657 583 5718 ite
593 5657 715 5726 humilis
726 5661 820 5722 scetus
830 5669 883 5738 est,
901 5668 933 5722 ut
943 5680 1040 5742 perve-
1094 5660 1448 5736 niumconncchristum,
1462 5661 1532 5722 dicit
1549 5659 1734 5742 evangelista:
1748 5679 1762 5709 ιι
1769 5643 1895 5712 Venerutl
