3950 6174
704 376 883 442 HOMlLlAE
905 375 956 438 DE
979 374 1179 440 TEMPORE.
1737 384 1797 448 558

99 527 108 551 a
123 519 186 558 eum
202 504 363 560 veniemus.
382 526 395 554 a
421 505 591 580 Ubicunque
615 509 692 566 enim
718 509 796 566 venit
821 509 913 576 Pater,
929 516 956 580 Α
973 531 986 558 n
1000 509 1058 580 Ego
1074 525 1091 563 a
1107 509 1218 581 meipso
1234 525 1291 566 non
1308 509 1383 576 veni,
1400 509 1451 565 sed
1462 508 1640 568 Potermeus
1656 515 1736 570 misit
1750 503 1803 573 me

96 591 164 648 seuit
179 592 283 661 Filius,
298 592 376 650 veuit
390 593 517 668 Spiritus
533 601 662 654 sanctus.
693 600 726 654 Et
747 598 916 670 ubicunque
970 598 1059 669 (toria.
1076 599 1135 668 vn).
1150 621 1164 646 a
1175 599 1210 654 Et
1225 599 1301 654 sicut
1317 597 1407 656 Filius
1420 615 1477 655 nou
1494 603 1564 654 esta
1579 599 1686 674 seipso,
1698 604 1740 658 sic
1751 605 1799 660 do·

95 685 185 736 manet
201 681 296 750 Patar,
312 687 411 739 manet
425 682 525 753 Filius,
542 691 642 742 manet
656 690 684 744 et
698 686 826 760 Spiritus
847 704 914 742 sen·
970 687 1093 742 ctrinnm
1109 705 1193 743 suam
1210 705 1267 744 non
1284 688 1355 744 dicit
1369 705 1452 744 suam
1469 705 1544 753 esse,
1561 688 1714 763 sicutipse
1737 692 1797 747 ait:

94 773 160 827 ctus.
173 770 248 838 Quia
259 771 335 827 sicut
346 770 564 844 aitrtpostolus:
578 799 591 824 n
608 775 739 832 Charitas
752 776 799 832 Dei
808 774 915 830 ditlusa
970 797 985 826 «
1000 775 1064 831 ltlea
1080 775 1212 832 doctrina
1222 794 1279 832 non
1292 781 1336 832 est
1347 793 1422 848 mea,
1434 778 1484 833 sed
1497 778 1571 848 ejus,
1586 778 1634 851 qui
1649 779 1729 836 misit
1740 797 1798 848 me,

92 860 175 915 estin
192 859 331 916 cordibus
346 860 455 917 nostris
470 879 521 934 per
544 862 685 936 Spiritum
701 867 847 931 sanctum,
864 863 914 935 qui
969 863 1064 918 Patris
1079 864 1182 933 (1111111.
1201 887 1215 914 u
1231 865 1266 921 Et
1280 866 1405 922 iterum:
1424 887 1438 915 α
1450 861 1575 922 ΡεῐοπἾη
1590 883 1636 922 me
1652 872 1761 936 manet,
1772 872 1801 924 et

92 949 172 1006 datus
183 953 229 1006 est
240 949 417 1020 nobistltom.
429 949 468 1022 r).
482 973 495 1001 a
512 951 545 1006 Et
558 952 642 1009 item:
660 977 674 1004 e
687 951 914 1009 Habitarasshri-
968 967 1021 1025 ego
1036 951 1065 1007 in
1083 969 1115 1008 cc
1130 953 1220 1028 (loon.
1236 955 1286 1027 vr).
1296 977 1309 1006 u
1327 955 1362 1010 Et
1378 953 1465 1010 alibi:
1480 977 1494 1004 «
1506 955 1564 1028 Ego
1575 973 1592 1011 a
1602 954 1716 1030 meipso
1728 956 1798 1014 nihil

89 1042 163 1094 stum
173 1039 325 1112 perfidem
336 1038 365 1094 in
376 1037 513 1098 cordibus
524 1040 633 1098 nostris
644 1043 751 1114 (praa.
765 1045 818 1110 ru).
832 1063 846 1090 n
858 1040 914 1096 Sed
970 1041 1043 1098 lacio
1058 1043 1147 1108 (loon.
1164 1043 1235 1116 vm).
1251 1066 1264 1094 a
1280 1043 1334 1108 Qui
1350 1043 1428 1099 enim
1444 1044 1479 1100 ds
1494 1042 1575 1101 nullo
1596 1041 1638 1116 nt,
1667 1045 1702 1102 de
1719 1045 1799 1104 nullo

91 1127 252 1184 latocorde
281 1127 481 1200 accipiendum
497 1133 542 1185 est
569 1131 646 1202 quod
678 1130 819 1186 infertur:
852 1130 915 1184 «Et
969 1129 1109 1201 procedit,
1139 1130 1280 1187 s'olusest
1306 1130 1401 1187 Pater.
1427 1131 1688 1194 Filiuseutemdc,
1714 1134 1797 1190 Patre

92 1217 300 1273 «mansionem
309 1217 386 1290 apud
396 1234 462 1274 eum
475 1218 625 1274 iaciemus.
640 1241 653 1269 n
664 1219 706 1275 Ad
717 1219 913 1292 quorumdam
969 1221 1065 1286 natus,
1083 1220 1210 1293 Spiritus
1226 1225 1346 1277 sanctus
1362 1238 1379 1277 a
1393 1222 1477 1278 Patre
1492 1225 1521 1278 ct
1546 1221 1617 1278 Filio
1630 1215 1797 1295 'procedere

92 1323 151 1364 sero
166 1309 254 1362 corde
269 1306 346 1364 Deus
360 1306 448 1375 venit,
468 1307 520 1364 sed
546 1307 730 1365 mansionem
747 1326 805 1365 non
833 1307 912 1372 tacit,
968 1308 1105 1364 creditur.

90 1397 211 1470 quiaeos
223 1397 518 1470 percompunctionis
526 1397 772 1471 gratiamvisitat:
786 1397 836 1454 sed
845 1413 913 1452 cum
1004 1419 1018 1446 «
1033 1397 1221 1454 Haeclocutus
1232 1415 1297 1454 sum
1308 1398 1480 1472 vobis,upud
1493 1416 1544 1456 vos
1555 1416 1707 1456 manens.»
1717 1387 1796 1456 Nun·

89 1485 156 1541 bora
168 1485 570 1558 compunctionistransierit,
586 1489 614 1542 et
625 1487 659 1542 ad
673 1485 859 1560 iniquitatem
869 1501 912 1540 re·
930 1505 932 1508 ·
967 1485 1037 1558 quid
1052 1504 1108 1542 non
1117 1491 1178 1544 erat
1189 1505 1347 1543 mansurus
1357 1505 1422 1544 cum
1432 1487 1594 1561 discipulis,
1605 1489 1713 1561 quibus
1724 1488 1795 1545 alibi

88 1575 184 1642 dsunt,
201 1574 294 1630 Deum
310 1591 327 1630 a
343 1574 427 1630 corde
443 1591 496 1629 suo
513 1571 667 1647 repellunt,
683 1574 841 1648 dequibus
857 1573 912 1629 Do·
967 1568 1112 1646 promisit,
1130 1576 1229 1633 dicens
1241 1594 1247 1631 :
1261 1601 1275 1627 «
1292 1577 1364 1632 Ecce
1377 1593 1429 1650 ego
1443 1577 1594 1634 vobiscum
1611 1593 1676 1634 sum
1698 1579 1796 1634 omni-

86 1663 182 1720 miuus
194 1663 265 1718 alibi
282 1663 371 1718 dicit:
389 1685 403 1713 «
421 1663 495 1730 Quia
509 1663 546 1718 ad
562 1668 678 1736 tempus
694 1664 827 1730 credunt,
844 1661 912 1718 etin
967 1664 1022 1718 bus
1042 1664 1146 1720 diebus
1174 1683 1267 1738 usque
1297 1667 1332 1722 ad
1362 1665 1646 1723 consummationem
1674 1665 1797 1724 saeculi?

86 1757 214 1826 ternpore
236 1751 407 1809 tentationis
431 1753 572 1808 recedunt
589 1752 747 1825 (Laevus).
766 1775 779 1801 u
795 1753 832 1808 At
845 1767 912 1808 vero
966 1755 1076 1823 (Mettis.
1092 1759 1201 1822 xxvnr).
1215 1755 1310 1811 »Erat
1325 1756 1436 1828 utique,
1453 1756 1504 1812 sed
1518 1755 1577 1812 ait:
1595 1779 1608 1807 n
1623 1755 1688 1812 Haec
1712 1755 1796 1814 locu-

85 1842 350 1910 adelectorumcor
361 1839 522 1898 nonsolum
533 1841 621 1909 venit,
633 1842 682 1898 sed
694 1841 912 1898 etmansionem
929 1884 950 1950 B
967 1845 1097 1898 tussam
1114 1843 1205 1910 vobis,
1230 1845 1307 1916 apud
1322 1861 1373 1902 vos
1388 1861 1523 1910 manens,
1540 1868 1554 1895 »
1580 1845 1616 1901 de
1641 1843 1796 1918 praesentia

85 1931 170 1987 tacit:
188 1931 260 2004 quia
274 1947 375 1988 eorum
398 1934 511 1986 mentes
526 1929 567 1986 sic
594 1931 657 1986 fixe
672 1933 743 1986 sunt
759 1930 789 1984 in
814 1945 912 1985 amore
967 1931 1109 2004 corporali
1126 1931 1205 2000 dicit,
1222 1949 1274 2005 per
1289 1949 1377 2006 quem
1394 1938 1459 2006 post
1475 1933 1624 1990 modicum
1640 1934 1677 1990 ab
1692 1933 1735 1990 eis
1749 1950 1795 1990 re·

83 2020 262 2088 Divinitatis,
274 2017 587 2094 utabejusdilectione
604 2023 733 2092 tempore
741 2017 911 2074 tentationis
967 2037 1104 2077 cessurus
1117 2025 1188 2077 erat.
1201 2021 1252 2077 Cui
1268 2021 1365 2078 simile
1379 2026 1424 2078 est
1440 2023 1517 2095 quod
1533 2021 1602 2080 alibi
1618 2022 1677 2080 ait:
1699 2045 1713 2075 a
1730 2023 1794 2080 llec

82 2107 428 2176 nonrccedaat,sadita
446 2107 787 2173 Dominocobaerent,ut
806 2107 911 2162 sivein
967 2108 1348 2182 suntverboquaetocutus
1377 2129 1443 2166 sum
1466 2112 1501 2166 ed
1531 2127 1677 2178 vescum
1699 2112 1795 2168 adbuc

83 2197 342 2271 prosperis,sivein
354 2197 494 2266 adversis,
506 2197 728 2271 semperipsum
741 2195 912 2252 benedicere
966 2215 1059 2254 essem
1075 2197 1224 2255 vobiscum
1244 2201 1320 2272 (Luc.
1336 2201 1423 2273 xxiv).
1442 2223 1457 2250 »
1472 2201 1526 2266 Qui
1542 2216 1610 2273 ergo
1625 2199 1655 2255 in
1671 2199 1795 2257 articulo

82 2287 230 2354 studeant,
242 2287 371 2342 dicentes
382 2303 447 2342 cum
460 2285 616 2344 Psalmista
627 2303 633 2342 :
646 2307 659 2336 «
673 2283 844 2342 benedicam
858 2283 912 2340 Dc·
966 2288 1112 2359 passionis
1124 2287 1375 2361 haecloquebatur,
1384 2305 1618 2346 mansurusoum
1627 2291 1670 2346 eis
1679 2306 1795 2362 semper

82 2376 197 2432 minum
213 2376 341 2432 inomni
359 2379 490 2448 tempore
515 2376 600 2448 (Psoi.
616 2375 725 2437 xxxrrr).
741 2363 755 2426 a
772 2373 910 2430 Conside·
965 2393 1018 2449 per
1032 2377 1224 2447 divinitatem,
1239 2395 1409 2435 recessurus
1419 2371 1551 2452 loquitur
1562 2395 1614 2452 per
1628 2378 1795 2436 humanite-

82 2465 207 2520 randum
222 2480 292 2538 ergo
307 2480 477 2536 summpore
492 2467 537 2520 est
549 2468 660 2536 quanto
673 2463 770 2522 studio
782 2462 911 2519 mansio·
965 2469 1033 2522 tom.
1051 2467 1106 2523 Sed
1124 2467 1202 2539 quod
1218 2467 1317 2523 minus
1333 2467 1369 2523 de
1383 2467 1706 2542 divinitateintelligere
1717 2471 1795 2541 pote·

81 2570 148 2610 nem
163 2571 223 2610 sote
239 2552 348 2610 mentis
371 2569 533 2626 preparare
557 2552 651 2619 debet,
667 2553 718 2625 qui
742 2556 857 2608 tanturn
877 2568 910 2607 ac
965 2558 1040 2623 rant,
1053 2572 1104 2627 per
1114 2554 1240 2628 Spiritus
1252 2557 1345 2612 sancti
1357 2557 1554 2614 adventumse
1565 2558 1720 2614 docturum
1731 2575 1796 2630 pro·

81 2643 168 2699 talem
197 2641 345 2716 hospitem
375 2642 523 2715 suscipere
539 2641 695 2698 desiderat.
721 2640 843 2700 Sienim
861 2657 909 2697 rex
965 2643 1065 2710 mittit,
1079 2660 1146 2699 cum
1162 2644 1335 2718 subjungit:

81 2736 131 2787 aut
146 2737 310 2806 prepotens
335 2730 447 2787 amicus
464 2732 499 2787 ad
515 2731 636 2787 domum
661 2735 742 2787 tunm
769 2735 908 2787 venturus
1001 2751 1015 2780 α
1031 2731 1197 2788 Paracletus
1208 2735 1305 2788 autem
1316 2733 1443 2805 Spiritus
1454 2738 1584 2804 sanctus,
1596 2752 1684 2808 quem
1696 2738 1793 2795 mittet

79 2825 167 2890 esset,
183 2838 251 2878 cum
267 2820 348 2877 omni
361 2820 460 2876 studio
475 2837 540 2876 earn
555 2836 743 2893 properares,
760 2819 910 2892 superllua
963 2842 977 2870 «
995 2819 1079 2876 Pater
1103 2819 1132 2874 ia
1150 2819 1268 2876 nomine
1292 2837 1368 2890 mco,
1384 2820 1433 2878 ille
1448 2838 1499 2879 vos
1515 2822 1630 2881 docebit
1645 2827 1753 2882 omnia.
1774 2851 1788 2878 a

78 2910 254 2981 abjiciendo,
264 2909 429 2966 necessarie
436 2909 611 2966 adhibendo.
625 2927 683 2965 non
692 2907 787 2965 solum
797 2924 860 2980 ques
872 2908 908 2962 ad
963 2907 1014 2964 Cui
1023 2907 1171 2964 simileest
1180 2909 1258 2982 quod
1269 2909 1338 2965 alibi
1353 2909 1438 2967 dicit:
1453 2933 1467 2962 «
1477 2911 1579 2968 Adbuc
1590 2913 1683 2972 multa
1694 2915 1788 2974 babeo

82 2997 247 3068 utilitatem,
264 3000 315 3056 scd
332 2998 419 3054 etiam
430 3015 494 3072 que
509 3000 545 3056 ad
559 3001 695 3055 ornatum
706 2997 853 3072 pertinent
867 2996 909 3052 in·
961 2997 1044 3055 vobis
1068 2998 1175 3068 dicere,
1191 2999 1242 3054 sed
1253 3016 1316 3066 ‚non
1332 3000 1455 3072 potestis
1470 3005 1585 3073 portare
1601 3005 1697 3062 modo.
1714 3005 1787 3064 Cum

82 3088 260 3162 vestigando.
277 3092 322 3144 lta
332 3088 489 3144 Dominum
503 3091 688 3144 Deumtuum
700 3088 729 3142 in
741 3085 907 3143 habitaculo
962 3091 1060 3144 eutem
1083 3086 1196 3142 venerit
1211 3085 1260 3144 ille
1282 3087 1408 3162 Spiritus
1434 3090 1576 3160 veritatis,
1600 3092 1715 3150 docebit
1734 3111 1786 3153 vos

83 3178 176 3235 cordis
191 3178 234 3235 tui
250 3183 454 3251 suscepturus,
466 3176 809 3234 emundeconscientiam
825 3179 906 3231 tuam
962 3193 1080 3232 omnem
1094 3175 1246 3232 veritatem
1258 3180 1349 3244 (Joon.
1360 3182 1429 3248 xvi).
1443 3200 1457 3228 »
1468 3178 1540 3246 Quia
1550 3181 1586 3236 ad
1597 3181 1787 3256 intelligenda
1802 3239 1803 3242 ,

83 3266 117 3320 ab
132 3267 269 3340 operibus
280 3267 415 3335 mortuis,
427 3271 483 3322 cta
497 3265 723 3340 cogitationibus
734 3263 906 3338 surperllnis
920 3253 942 3320 C
962 3263 1105 3337 spiritalia
1114 3268 1227 3321 mentes
1236 3270 1350 3322 nostras
1360 3269 1635 3342 promovebit,patet
1647 3271 1786 3343 prolecto,

83 3358 109 3409 et
119 3356 294 3413 immundis:
305 3356 375 3428 quia
386 3354 669 3412 mundushabitator
679 3355 819 3410 mundam
831 3371 907 3426 quae·
961 3371 1013 3410 neo
1028 3353 1174 3411 laboriosa
1189 3354 1367 3427 expositione
1388 3355 1510 3430 indiget,
1537 3375 1628 3430 quare
1651 3361 1787 3416 eumdem

83 3441 721 3518 ritdomum,adquamnonsolumvenire,
739 3442 906 3514 sedinqua
960 3443 1097 3516 spiritum
1128 3443 1307 3516 paracletum
1338 3445 1480 3513 nominet,
1507 3455 1664 3520 παράκλητος
1691 3449 1789 3506 Graece

82 3545 194 3589 manere
208 3535 348 3608 dignetur
360 3532 409 3588 ille
424 3532 474 3605 qui
489 3533 543 3588 ait:
561 3555 575 3582 α
588 3533 659 3588 Ecce
675 3536 718 3588 ete
734 3532 767 3588 od
785 3531 903 3599 ostium,
959 3531 1114 3598 locutione,
1130 3531 1230 3590 Latine
1243 3534 1396 3590 consolator
1414 3534 1474 3590 sive
1497 3535 1642 3593 aduocatos
1670 3537 1786 3594 dicitur.

82 3623 108 3674 et
121 3622 223 3694 pulso:
241 3623 265 3680 si
281 3623 349 3696 quis
366 3621 512 3695 aperuerit
528 3621 609 3690 mibi,
626 3621 741 3677 intrabo
756 3620 791 3676 ad
807 3618 904 3688 illum,
959 3622 1035 3677 Bene
1051 3621 1216 3678 consolator
1231 3622 1348 3692 dicitur,
1375 3623 1443 3696 quie
1458 3629 1572 3682 mentes
1593 3625 1736 3694 fidetium,
1753 3643 1789 3684 ne

81 3713 232 3769 etcoensbo
246 3729 315 3768 cum
331 3710 391 3780 illo,
402 3714 430 3767 et
445 3711 493 3768 ille
508 3727 623 3768 mecum
639 3712 728 3782 (Apoc.
745 3709 796 3782 ru).
816 3731 829 3758 a
848 3708 903 3781 lgi·
959 3711 1036 3767 inter
1051 3711 1271 3783 adversabujus
1285 3710 1383 3768 seculi
1399 3712 1544 3780 deficiant,
1561 3731 1613 3786 spe
1628 3713 1789 3771 caelestium

82 3801 258 3857 turdomum
275 3801 383 3858 mentis
399 3805 503 3856 nostre
515 3801 551 3855 ab
568 3798 756 3872 squaloribus
771 3798 903 3855 omnium
959 3799 1127 3856 consoletur
1142 3801 1329 3872 premiorum
1357 3805 1433 3857 Bene
1449 3803 1616 3873 advocatus,
1643 3804 1713 3880 quia
1737 3821 1789 3877 pro

83 3887 209 3947 vitiorum
226 3890 369 3946 mundare
380 3889 531 3956 debemus,
547 3895 576 3946 et
586 3888 707 3945 diversis
719 3888 839 3944 lloribus
848 3888 904 3944 vir·
958 3905 1055 3945 errore
1070 3886 1306 3960 delinquentium
1318 3891 1395 3964 apud
1410 3890 1526 3946 Patrem
1538 3891 1703 3961 intervenit,
1715 3895 1789 3968 Apo-

85 3979 173 4034 tutum
187 3980 340 4048 adornare,
353 3978 561 4035 utbumilitete
574 3977 694 4051 fulgeat,
708 3977 842 4034 castitate
857 3994 904 4032 ru·
958 3977 1032 4034 stolo
1047 3981 1130 4045 teste,
1149 3977 1199 4050 qui
1217 3977 1276 4034 uit:
1294 4001 1307 4028 «
1320 3979 1394 4036 Nam
1409 3979 1479 4052 quid
1493 3996 1611 4040 oremus
1622 3982 1698 4039 sicut
1708 3999 1791 4056 opor.

86 4064 152 4134 tilet,
165 4068 304 4126 charitate
319 4066 513 4141 resplendeat,
530 4070 563 4122 ut
575 4067 604 4123 in
621 4067 709 4123 corde
732 4069 833 4122 nostra
854 4081 903 4121 ve·
958 4071 1009 4136 tet,
1026 4067 1175 4122 nescimus
1186 4067 1272 4136 (Rom.
1289 4067 1361 4140 vni),
1375 4089 1388 4116 n
1404 4072 1458 4124 etc.
1474 4069 1509 4123 Et
1518 4068 1640 4141 pulchre
1650 4072 1788 4128 eumdem

88 4154 164 4212 niens
171 4157 297 4231 Spiritus
307 4161 437 4226 sauctus,
450 4155 633 4213 mensionem
648 4155 743 4212 faciet.
752 4155 808 4210 Sed
818 4155 864 4210 his
875 4157 904 4210 et
958 4154 1100 4228 Spiritum
1113 4154 1142 4208 in
1155 4155 1273 4210 nominc
1289 4171 1343 4211 suo
1358 4173 1376 4212 a
1390 4157 1474 4212 Patre
1485 4157 1560 4213 mitti
1571 4157 1788 4232 perbibet,quiu

90 4241 120 4298 de
133 4245 226 4305 electis
249 4245 403 4320 explicitis,
429 4245 479 4319 qui
494 4245 586 4302 Deum
608 4259 666 4302 non
686 4242 781 4302 solum
795 4243 903 4314 verbis,
958 4243 1048 4300 nnius
1061 4244 1379 4316 naturae‚ejusdemque
1394 4249 1438 4300 est
1453 4262 1519 4301 cum
1539 4246 1624 4302 Patre
1638 4247 1786 4320 potentie,

92 4333 230 4392 sedetiam
246 4335 385 4409 operibus
410 4333 546 4408 diligunt,
572 4334 705 4407 protinus
722 4335 757 4390 de
773 4333 904 4408 reprobis
959 4332 1114 4405 sicutipse
1130 4330 1199 4388 alibi
1216 4332 1269 4389 ait:
1287 4355 1301 4383 «
1312 4331 1384 4388 Cum
1396 4333 1506 4390 venerit
1516 4333 1691 4408 paracletus,
1699 4353 1787 4408 quem

92 4418 203 4479 dicitur:
959 4439 1013 4496 ego
1028 4422 1143 4480 mittam
1158 4422 1241 4478 vobis
1256 4440 1273 4480 a
1288 4423 1372 4480 Patre
1389 4423 1529 4496 Spiritum
1547 4424 1688 4493 veritatis,
1706 4425 1755 4498 qui
1770 4443 1788 4483 a

121 4513 192 4576 «Qui
207 4531 265 4571 non
281 4513 376 4588 diligit
384 4529 441 4583 me,
458 4529 608 4570 sermones
617 4529 697 4569 meos
708 4530 764 4570 uon
781 4516 904 4570 serant»
959 4513 1043 4568 Patre
1059 4511 1199 4584 procedit,
1220 4509 1269 4568 illc
1293 4511 1495 4568 testimonium
1511 4512 1677 4585 perhibebit
1690 4513 1726 4570 de
1742 4530 1789 4569 me

94 4595 246 4659 sicutenim
257 4604 309 4676 qui
321 4605 464 4677 praecepta
474 4602 524 4658 Dei
535 4603 679 4671 observat,
691 4603 778 4660 etiam
792 4606 906 4658 tacente
921 4626 945 4692 D
960 4606 1054 4671 (toan.
1071 4604 1129 4670 xv).
1148 4623 1162 4651 a
1187 4600 1268 4667 Quod
1298 4604 1395 4657 autem
1411 4600 1470 4657 ait:
1496 4624 1509 4651 «
1526 4599 1577 4658 lllc
1599 4618 1650 4658 vos
1673 4601 1789 4658 docebit

94 4683 223 4762 linguose
238 4710 307 4750 eum
323 4691 444 4766 diligere
459 4691 649 4765 comprobat:
672 4693 713 4748 sic
729 4690 779 4765 qui
795 4707 906 4748 sermo·
961 4690 1070 4757 omnia,
1088 4712 1101 4739 a
1119 4689 1355 4746 subaudiendum
1371 4694 1424 4758 est,
1449 4707 1512 4763 quae
1528 4690 1693 4746 necessaria
1708 4694 1787 4758 sunt,

96 4789 150 4833 nem
162 4782 223 4853 ejus
238 4799 297 4838 non
313 4781 441 4838 custodit
451 4797 519 4838 eum
534 4797 565 4836 se
581 4797 639 4836 non
656 4780 775 4855 diligere
791 4781 908 4836 demon·
963 4777 1022 4835 sire
1039 4779 1074 4834 ad
1089 4778 1324 4851 intelligendum,
1341 4777 1401 4834 sive
1415 4779 1452 4835 ad
1468 4779 1642 4836 docendum.
1663 4779 1698 4834 Et
1712 4782 1789 4836 recte

96 4869 165 4925 strat.
177 4893 190 4921 a
205 4872 240 4928 Et
256 4887 423 4928 sermonem
439 4887 527 4944 quem
540 4869 666 4927 audistis
682 4887 739 4925 non
754 4873 798 4926 est
812 4887 906 4942 meus,
962 4867 1089 4942 Spiritus
1107 4872 1226 4924 sanctus
1239 4867 1338 4923 omnia
1353 4866 1585 4933 doceredicitur,
1601 4866 1671 4939 quia
1684 4867 1715 4922 in
1736 4883 1788 4922 va·

98 4958 237 5032 «atejus,
253 4959 303 5033 qui
319 4958 400 5015 misit
411 4975 467 5028 me,
480 4959 583 5015 Petris.
597 4981 611 5007 »
623 4958 695 5014 Cum
707 4958 842 5031 superius
852 4975 909 5013 scr·
963 4974 1051 5013 cuum
1066 4956 1179 5012 laborat
1194 4973 1289 5011 sermo
1305 4955 1431 5012 doctoris
1443 4956 1580 5023 exterius,
1593 4954 1650 5012 nisi
1665 4953 1790 5012 interius

98 5057 182 5104 mones
192 5048 345 5122 pluraliter
359 5047 467 5120 posuit,
480 5047 643 5103 doctrinam
656 5047 748 5103 sancti
760 5047 908 5120 Evangelii
964 5044 1138 5118 sitSpiritus
1152 5048 1283 5111 sanctus,
1295 5045 1344 5116 qui
1361 5043 1488 5100 illustret
1503 5061 1552 5100 cor
1563 5043 1714 5102 auditoris.
1731 5043 1789 5100 Ca·
1872 5079 1875 5087 .

98 5129 240 5211 intelligere
255 5137 358 5194 voluit.
371 5137 444 5194 Cum
456 5141 553 5193 autem
565 5135 753 5209 singulariter
763 5136 907 5208 adjunxit:
963 5139 1059 5192 terum
1071 5151 1156 5191 ncrno
1165 5136 1279 5190 tantum
1288 5133 1432 5205 perlectus
1442 5131 1645 5204 essepotcstin
1656 5131 1791 5205 presenti

101 5221 148 5278 ·Et
160 5241 322 5284 sermonem
334 5243 420 5300 quem
430 5226 567 5298 audistis,
579 5248 592 5276 »
605 5224 909 5298 seipsumintelligere
962 5222 1032 5291 rita,
1048 5228 1081 5279 ut
1096 5224 1195 5278 omnia
1209 5223 1245 5278 de
1271 5226 1328 5277 Deo
1348 5219 1423 5276 sciro
1446 5221 1549 5293 possit,
1573 5220 1699 5277 maxime
1723 5237 1790 5277 cum

98 5310 183 5382 soluit,
194 5315 243 5390 qui
251 5321 297 5374 est
307 5316 428 5372 verbum
439 5319 468 5372 et
478 5315 622 5387 sapientia
632 5315 693 5384 Dei,
703 5315 738 5371 de
749 5331 807 5387 quo
821 5315 909 5370 loen·
963 5311 1130 5386 Apostolus,
1140 5311 1189 5383 qui
1199 5327 1292 5382 usqne
1301 5310 1336 5366 ad
1345 5309 1465 5365 tertium
1473 5309 1579 5366 coelum
1587 5315 1689 5384 raptus
1701 5309 1792 5366 luisse

98 5401 908 5478 besalibiait:«lnprincipioeratVerbumttoonntpvetc.
965 5399 1143 5475 perhibetur,
1169 5399 1264 5454 dicat:
1296 5423 1310 5450 a
1325 5400 1364 5454 Ex
1380 5402 1462 5471 parte
1483 5399 1698 5473 cognoscimus,
1714 5401 1743 5455 et
1757 5415 1792 5454 ex
1869 5411 1874 5414 ·

97 5485 170 5549 flecte
184 5509 251 5569 ergo
266 5494 355 5550 dicit:
368 5517 382 5544 «
396 5493 431 5548 ut
441 5508 605 5550 sermonem
617 5509 704 5565 quem
715 5491 841 5548 audistis
852 5508 909 5546 non
965 5493 1046 5564 parte
1068 5489 1278 5562 prophetemus
1295 5491 1319 5558 (1
1339 5489 1399 5546 Cor.
1414 5490 1488 5546 xnrl.
1505 5511 1520 5539 »
1535 5489 1616 5554 Quod
1631 5504 1697 5544 vero
1721 5486 1792 5544 sub-

97 5583 132 5634 est
141 5583 284 5653 meus,sed
296 5581 424 5657 ejusqui
436 5581 517 5638 misit
529 5598 584 5651 me,
597 5582 701 5650 Patris,
712 5603 726 5632 a
739 5581 808 5654 quia
819 5579 911 5638 Filius
960 5578 1061 5654 jungit
1072 5595 1078 5634 ι
1095 5578 1151 5642 aEt
1160 5579 1385 5650 suggeretuobis
1394 5578 1684 5652 omniaquaecunque
1694 5576 1792 5632 dixero

96 5681 174 5734 aona
187 5673 285 5752 seipso
300 5671 387 5748 veuit,
403 5671 454 5732 sed
481 5672 605 5744 aPatre,
626 5672 703 5732 sicut
730 5670 793 5750 ipse
818 5669 910 5732 dicit:
965 5693 979 5725 n
996 5668 1088 5728 vobis.
1106 5690 1120 5721 u
1150 5667 1275 5750 Spiritus
1302 5671 1421 5729 sauctus
1436 5683 1592 5750 suggerere
1612 5665 1727 5738 dicitur,
1757 5675 1791 5721 eo
