<?xml version="1.0" encoding="UTF-8"?>
<!DOCTYPE html PUBLIC "-//W3C//DTD XHTML 1.0 Transitional//EN"
    "http://www.w3.org/TR/xhtml1/DTD/xhtml1-transitional.dtd">
<html xmlns="http://www.w3.org/1999/xhtml" xml:lang="en" lang="en">
 <head>
  <title>
</title>
<meta http-equiv="Content-Type" content="text/html;charset=utf-8" />
  <meta name='ocr-system' content='tesseract 3.04.00' />
  <meta name='ocr-capabilities' content='ocr_page ocr_carea ocr_par ocr_line ocrx_word'/>
</head>
<body>
  <div class='ocr_page' id='page_1' title='image "./patrologiaecurs109unkngoog_0112.png"; bbox 0 0 3930 6172; ppageno 0'>
   <div class='ocr_carea' id='block_1_1' title="bbox 94 336 1778 422">
    <p class='ocr_par' dir='ltr' id='par_1_1' title="bbox 94 336 1778 422">
     <span class='ocr_line' id='line_1_1' title="bbox 94 336 1778 422; baseline 0.014 -25"><span class='ocrx_word' id='word_1_1' title='bbox 94 339 147 402; x_wconf 77' lang='grc'>213</span> <span class='ocrx_word' id='word_1_2' title='bbox 686 336 864 402; x_wconf 74' lang='lat' dir='ltr'>ttolttttllt</span> <span class='ocrx_word' id='word_1_3' title='bbox 884 339 935 404; x_wconf 80' lang='lat' dir='ltr'>DE</span> <span class='ocrx_word' id='word_1_4' title='bbox 957 342 1155 410; x_wconf 73' lang='lat' dir='ltr'>Tlttteottto.</span> <span class='ocrx_word' id='word_1_5' title='bbox 1289 373 1294 386; x_wconf 93' lang='lat'>·</span> <span class='ocrx_word' id='word_1_6' title='bbox 1717 353 1778 422; x_wconf 70' lang='grc' dir='ltr'>ΞΗ</span> 
     </span>
    </p>
   </div>
   <div class='ocr_carea' id='block_1_2' title="bbox 47 468 1846 5719">
    <p class='ocr_par' dir='ltr' id='par_1_2' title="bbox 47 468 1846 5719">
     <span class='ocr_line' id='line_1_2' title="bbox 91 468 1776 561; baseline 0.008 -26"><span class='ocrx_word' id='word_1_7' title='bbox 91 478 206 550; x_wconf 86' lang='lat' dir='ltr'>optasset</span> <span class='ocrx_word' id='word_1_8' title='bbox 218 469 375 530; x_wconf 83' lang='lat' dir='ltr'>libertatem</span> <span class='ocrx_word' id='word_1_9' title='bbox 391 469 497 528; x_wconf 85' lang='lat' dir='ltr'>semini</span> <span class='ocrx_word' id='word_1_10' title='bbox 509 468 646 529; x_wconf 81' lang='lat' dir='ltr'>Abrabae:</span> <span class='ocrx_word' id='word_1_11' title='bbox 660 471 684 528; x_wconf 89' lang='lat' dir='ltr'>si</span> <span class='ocrx_word' id='word_1_12' title='bbox 700 475 798 530; x_wconf 87' lang='lat' dir='ltr'>autem</span> <span class='ocrx_word' id='word_1_13' title='bbox 810 474 895 532; x_wconf 85' lang='lat' dir='ltr'>dixis·</span> <span class='ocrx_word' id='word_1_14' title='bbox 908 475 937 546; x_wconf 74' lang='lat' dir='ltr'>A</span> <span class='ocrx_word' id='word_1_15' title='bbox 951 478 1058 537; x_wconf 84' lang='lat' dir='ltr'>clasis:</span> <span class='ocrx_word' id='word_1_16' title='bbox 1076 485 1193 540; x_wconf 85' lang='lat' dir='ltr'>maneat</span> <span class='ocrx_word' id='word_1_17' title='bbox 1207 481 1237 540; x_wconf 89' lang='lat' dir='ltr'>iu</span> <span class='ocrx_word' id='word_1_18' title='bbox 1253 499 1372 559; x_wconf 90' lang='lat' dir='ltr'>corpore</span> <span class='ocrx_word' id='word_1_19' title='bbox 1394 483 1498 561; x_wconf 80' lang='lat' dir='ltr'>eapitis</span> <span class='ocrx_word' id='word_1_20' title='bbox 1513 483 1569 558; x_wconf 90' lang='lat' dir='ltr'>sui,</span> <span class='ocrx_word' id='word_1_21' title='bbox 1586 491 1618 546; x_wconf 90' lang='lat' dir='ltr'>ut</span> <span class='ocrx_word' id='word_1_22' title='bbox 1632 487 1672 548; x_wconf 84' lang='lat' dir='ltr'>sit</span> <span class='ocrx_word' id='word_1_23' title='bbox 1686 487 1776 560; x_wconf 81' lang='lat' dir='ltr'>tilius,</span> 
     </span>
     <span class='ocr_line' id='line_1_3' title="bbox 89 560 1778 650; baseline 0.002 -26"><span class='ocrx_word' id='word_1_24' title='bbox 89 571 139 624; x_wconf 86' lang='lat' dir='ltr'>set:</span> <span class='ocrx_word' id='word_1_25' title='bbox 155 581 208 622; x_wconf 92' lang='lat' dir='ltr'>non</span> <span class='ocrx_word' id='word_1_26' title='bbox 224 561 297 630; x_wconf 88' lang='lat' dir='ltr'>licet,</span> <span class='ocrx_word' id='word_1_27' title='bbox 313 560 569 618; x_wconf 78' lang='lat' dir='ltr'>calumniaremini</span> <span class='ocrx_word' id='word_1_28' title='bbox 592 561 670 634; x_wconf 88' lang='lat' dir='ltr'>apud</span> <span class='ocrx_word' id='word_1_29' title='bbox 694 579 777 638; x_wconf 85' lang='lat' dir='ltr'>roges</span> <span class='ocrx_word' id='word_1_30' title='bbox 799 568 892 635; x_wconf 87' lang='lat' dir='ltr'>terrae,</span> <span class='ocrx_word' id='word_1_31' title='bbox 951 585 1007 626; x_wconf 90' lang='lat' dir='ltr'>nou</span> <span class='ocrx_word' id='word_1_32' title='bbox 1024 586 1135 627; x_wconf 84' lang='lat' dir='ltr'>servus.</span> <span class='ocrx_word' id='word_1_33' title='bbox 1153 571 1250 646; x_wconf 88' lang='lat' dir='ltr'>Longe</span> <span class='ocrx_word' id='word_1_34' title='bbox 1265 573 1344 632; x_wconf 90' lang='lat' dir='ltr'>aliud</span> <span class='ocrx_word' id='word_1_35' title='bbox 1360 579 1405 634; x_wconf 86' lang='lat' dir='ltr'>est</span> <span class='ocrx_word' id='word_1_36' title='bbox 1418 593 1547 650; x_wconf 88' lang='lat' dir='ltr'>peccare,</span> <span class='ocrx_word' id='word_1_37' title='bbox 1564 575 1642 635; x_wconf 90' lang='lat' dir='ltr'>aliud</span> <span class='ocrx_word' id='word_1_38' title='bbox 1659 593 1778 638; x_wconf 64' lang='lat' dir='ltr'>manem</span> 
     </span>
     <span class='ocr_line' id='line_1_4' title="bbox 88 650 1777 742; baseline 0.005 -28"><span class='ocrx_word' id='word_1_39' title='bbox 88 656 153 732; x_wconf 89' lang='lat' dir='ltr'>quod</span> <span class='ocrx_word' id='word_1_40' title='bbox 163 652 321 728; x_wconf 89' lang='lat' dir='ltr'>prohiberet</span> <span class='ocrx_word' id='word_1_41' title='bbox 328 651 446 726; x_wconf 85' lang='lat' dir='ltr'>regibus</span> <span class='ocrx_word' id='word_1_42' title='bbox 455 650 565 707; x_wconf 86' lang='lat' dir='ltr'>tributa</span> <span class='ocrx_word' id='word_1_43' title='bbox 573 651 706 725; x_wconf 88' lang='lat' dir='ltr'>persolvi.</span> <span class='ocrx_word' id='word_1_44' title='bbox 717 653 826 712; x_wconf 91' lang='lat' dir='ltr'>Deinde</span> <span class='ocrx_word' id='word_1_45' title='bbox 831 672 896 730; x_wconf 86' lang='lat' dir='ltr'>pro·</span> <span class='ocrx_word' id='word_1_46' title='bbox 950 657 980 713; x_wconf 90' lang='lat' dir='ltr'>in</span> <span class='ocrx_word' id='word_1_47' title='bbox 992 664 1120 732; x_wconf 87' lang='lat' dir='ltr'>peccalo.</span> <span class='ocrx_word' id='word_1_48' title='bbox 1133 661 1186 728; x_wconf 87' lang='lat' dir='ltr'>Qui</span> <span class='ocrx_word' id='word_1_49' title='bbox 1197 667 1296 720; x_wconf 87' lang='lat' dir='ltr'>manet</span> <span class='ocrx_word' id='word_1_50' title='bbox 1305 663 1336 719; x_wconf 93' lang='lat' dir='ltr'>in</span> <span class='ocrx_word' id='word_1_51' title='bbox 1348 670 1475 738; x_wconf 82' lang='lat' dir='ltr'>peceato,</span> <span class='ocrx_word' id='word_1_52' title='bbox 1488 683 1588 724; x_wconf 89' lang='lat' dir='ltr'>servus</span> <span class='ocrx_word' id='word_1_53' title='bbox 1597 672 1642 726; x_wconf 88' lang='lat' dir='ltr'>est</span> <span class='ocrx_word' id='word_1_54' title='bbox 1651 669 1777 742; x_wconf 86' lang='lat' dir='ltr'>peccati:</span> 
     </span>
     <span class='ocr_line' id='line_1_5' title="bbox 86 740 1780 829; baseline 0.001 -25"><span class='ocrx_word' id='word_1_55' title='bbox 86 748 135 804; x_wconf 87' lang='lat' dir='ltr'>lato</span> <span class='ocrx_word' id='word_1_56' title='bbox 149 760 265 802; x_wconf 84' lang='lat' dir='ltr'>nummo</span> <span class='ocrx_word' id='word_1_57' title='bbox 285 741 348 798; x_wconf 83' lang='lat' dir='ltr'>victi</span> <span class='ocrx_word' id='word_1_58' title='bbox 369 740 451 810; x_wconf 89' lang='lat' dir='ltr'>estis,</span> <span class='ocrx_word' id='word_1_59' title='bbox 470 744 499 797; x_wconf 89' lang='lat' dir='ltr'>et</span> <span class='ocrx_word' id='word_1_60' title='bbox 513 740 642 814; x_wconf 88' lang='lat' dir='ltr'>captioni</span> <span class='ocrx_word' id='word_1_61' title='bbox 654 747 755 798; x_wconf 79' lang='lat' dir='ltr'>vestrm</span> <span class='ocrx_word' id='word_1_62' title='bbox 771 761 823 801; x_wconf 83' lang='lat' dir='ltr'>vos</span> <span class='ocrx_word' id='word_1_63' title='bbox 838 744 894 818; x_wconf 89' lang='lat' dir='ltr'>ipsi</span> <span class='ocrx_word' id='word_1_64' title='bbox 949 746 1000 820; x_wconf 92' lang='lat' dir='ltr'>qui</span> <span class='ocrx_word' id='word_1_65' title='bbox 1016 747 1123 822; x_wconf 80' lang='lat' dir='ltr'>iugita</span> <span class='ocrx_word' id='word_1_66' title='bbox 1147 755 1275 824; x_wconf 86' lang='lat' dir='ltr'>peccato,</span> <span class='ocrx_word' id='word_1_67' title='bbox 1301 770 1402 810; x_wconf 80' lang='lat' dir='ltr'>servus</span> <span class='ocrx_word' id='word_1_68' title='bbox 1428 755 1483 812; x_wconf 91' lang='lat' dir='ltr'>erit</span> <span class='ocrx_word' id='word_1_69' title='bbox 1502 755 1635 829; x_wconf 71' lang='lat' dir='ltr'>justitie.</span> <span class='ocrx_word' id='word_1_70' title='bbox 1661 759 1780 816; x_wconf 72' lang='lat' dir='ltr'>Terruit</span> 
     </span>
     <span class='ocr_line' id='line_1_6' title="bbox 86 829 1778 919; baseline 0.007 -27"><span class='ocrx_word' id='word_1_71' title='bbox 86 829 482 906; x_wconf 86' lang='lat' dir='ltr'>estisresponderccompulsi,</span> <span class='ocrx_word' id='word_1_72' title='bbox 492 830 892 892; x_wconf 88' lang='lat' dir='ltr'>ibieuimvobisdietumest:</span> <span class='ocrx_word' id='word_1_73' title='bbox 949 834 1058 909; x_wconf 89' lang='lat' dir='ltr'>itaque,</span> <span class='ocrx_word' id='word_1_74' title='bbox 1072 841 1099 894; x_wconf 89' lang='lat' dir='ltr'>et</span> <span class='ocrx_word' id='word_1_75' title='bbox 1110 855 1192 912; x_wconf 89' lang='lat' dir='ltr'>spem</span> <span class='ocrx_word' id='word_1_76' title='bbox 1205 839 1299 896; x_wconf 88' lang='lat' dir='ltr'>dedit:</span> <span class='ocrx_word' id='word_1_77' title='bbox 1316 843 1429 911; x_wconf 89' lang='lat' dir='ltr'>terruit,</span> <span class='ocrx_word' id='word_1_78' title='bbox 1440 843 1482 901; x_wconf 79' lang='lat' dir='ltr'>‘ne</span> <span class='ocrx_word' id='word_1_79' title='bbox 1496 849 1648 919; x_wconf 88' lang='lat' dir='ltr'>peccatum</span> <span class='ocrx_word' id='word_1_80' title='bbox 1665 863 1778 906; x_wconf 82' lang='lat' dir='ltr'>amere-</span> 
     </span>
     <span class='ocr_line' id='line_1_7' title="bbox 85 919 1781 1004; baseline 0.005 -20"><span class='ocrx_word' id='word_1_81' title='bbox 85 925 217 982; x_wconf 78' lang='lat' dir='ltr'>«Reddite</span> <span class='ocrx_word' id='word_1_82' title='bbox 231 919 335 978; x_wconf 83' lang='lat' dir='ltr'>Caesari</span> <span class='ocrx_word' id='word_1_83' title='bbox 351 937 416 994; x_wconf 77' lang='lat' dir='ltr'>quc</span> <span class='ocrx_word' id='word_1_84' title='bbox 432 919 554 976; x_wconf 75' lang='lat' dir='ltr'>Caesaris</span> <span class='ocrx_word' id='word_1_85' title='bbox 565 925 645 988; x_wconf 84' lang='lat' dir='ltr'>sunt,</span> <span class='ocrx_word' id='word_1_86' title='bbox 656 927 685 977; x_wconf 84' lang='lat' dir='ltr'>et</span> <span class='ocrx_word' id='word_1_87' title='bbox 698 923 753 982; x_wconf 88' lang='lat' dir='ltr'>Deo</span> <span class='ocrx_word' id='word_1_88' title='bbox 765 940 830 995; x_wconf 78' lang='lat' dir='ltr'>quac</span> <span class='ocrx_word' id='word_1_89' title='bbox 841 924 893 980; x_wconf 91' lang='lat' dir='ltr'>Dei</span> <span class='ocrx_word' id='word_1_90' title='bbox 949 941 1035 981; x_wconf 90' lang='lat' dir='ltr'>mus:</span> <span class='ocrx_word' id='word_1_91' title='bbox 1052 943 1135 998; x_wconf 90' lang='lat' dir='ltr'>spcm</span> <span class='ocrx_word' id='word_1_92' title='bbox 1152 926 1240 997; x_wconf 90' lang='lat' dir='ltr'>dedit,</span> <span class='ocrx_word' id='word_1_93' title='bbox 1259 946 1295 985; x_wconf 86' lang='lat' dir='ltr'>ne</span> <span class='ocrx_word' id='word_1_94' title='bbox 1306 930 1342 986; x_wconf 91' lang='lat' dir='ltr'>do</span> <span class='ocrx_word' id='word_1_95' title='bbox 1355 932 1466 1004; x_wconf 85' lang='lat' dir='ltr'>peccati</span> <span class='ocrx_word' id='word_1_96' title='bbox 1478 932 1623 992; x_wconf 87' lang='lat' dir='ltr'>solutione</span> <span class='ocrx_word' id='word_1_97' title='bbox 1635 935 1781 994; x_wconf 80' lang='lat' dir='ltr'>dissidere·</span> 
     </span>
     <span class='ocr_line' id='line_1_8' title="bbox 85 1008 1780 1095; baseline -0.017 -23"><span class='ocrx_word' id='word_1_98' title='bbox 85 1012 358 1086; x_wconf 79' lang='lat' dir='ltr'>suut(rltcttlt.xxrr),»</span> <span class='ocrx_word' id='word_1_99' title='bbox 367 1026 434 1066; x_wconf 86' lang='lat' dir='ltr'>eum</span> <span class='ocrx_word' id='word_1_100' title='bbox 446 1008 559 1082; x_wconf 87' lang='lat' dir='ltr'>vosipsi</span> <span class='ocrx_word' id='word_1_101' title='bbox 569 1010 893 1086; x_wconf 87' lang='lat' dir='ltr'>respondissetis,quod</span> <span class='ocrx_word' id='word_1_102' title='bbox 949 1030 1024 1070; x_wconf 91' lang='lat' dir='ltr'>mus.</span> <span class='ocrx_word' id='word_1_103' title='bbox 1040 1036 1054 1064; x_wconf 71' lang='lat' dir='ltr'>u</span> <span class='ocrx_word' id='word_1_104' title='bbox 1071 1013 1174 1072; x_wconf 69' lang='lat' dir='ltr'>onmis</span> <span class='ocrx_word' id='word_1_105' title='bbox 1189 1017 1307 1090; x_wconf 62' lang='lat' dir='ltr'>(inquit)</span> <span class='ocrx_word' id='word_1_106' title='bbox 1329 1019 1379 1092; x_wconf 68' lang='lat' dir='ltr'>quq</span> <span class='ocrx_word' id='word_1_107' title='bbox 1396 1019 1465 1077; x_wconf 59' lang='lat' dir='ltr'><strong>facit</strong></span> <span class='ocrx_word' id='word_1_108' title='bbox 1489 1027 1653 1095; x_wconf 48' lang='lat' dir='ltr'>peccatum,</span> <span class='ocrx_word' id='word_1_109' title='bbox 1677 1041 1780 1086; x_wconf 56' lang='lat' dir='ltr'>smus</span> 
     </span>
     <span class='ocr_line' id='line_1_9' title="bbox 84 1097 1778 1176; baseline 0.003 -15"><span class='ocrx_word' id='word_1_110' title='bbox 84 1119 207 1162; x_wconf 87' lang='lat' dir='ltr'>nummus</span> <span class='ocrx_word' id='word_1_111' title='bbox 217 1097 470 1172; x_wconf 84' lang='lat' dir='ltr'>habetimaginem</span> <span class='ocrx_word' id='word_1_112' title='bbox 480 1097 694 1167; x_wconf 83' lang='lat' dir='ltr'>Caesaris.Quis</span> <span class='ocrx_word' id='word_1_113' title='bbox 703 1099 779 1156; x_wconf 88' lang='lat' dir='ltr'>sicut</span> <span class='ocrx_word' id='word_1_114' title='bbox 789 1101 894 1174; x_wconf 84' lang='lat' dir='ltr'>quaerit</span> <span class='ocrx_word' id='word_1_115' title='bbox 948 1106 993 1158; x_wconf 88' lang='lat' dir='ltr'>est</span> <span class='ocrx_word' id='word_1_116' title='bbox 1008 1103 1128 1176; x_wconf 88' lang='lat' dir='ltr'>peccati.</span> <span class='ocrx_word' id='word_1_117' title='bbox 1152 1106 1258 1163; x_wconf 87' lang='lat' dir='ltr'>Servus</span> <span class='ocrx_word' id='word_1_118' title='bbox 1280 1111 1452 1165; x_wconf 87' lang='lat' dir='ltr'>autemnon</span> <span class='ocrx_word' id='word_1_119' title='bbox 1476 1116 1575 1168; x_wconf 89' lang='lat' dir='ltr'>manet</span> <span class='ocrx_word' id='word_1_120' title='bbox 1590 1111 1619 1168; x_wconf 92' lang='lat' dir='ltr'>in</span> <span class='ocrx_word' id='word_1_121' title='bbox 1645 1114 1732 1170; x_wconf 89' lang='lat' dir='ltr'>dome</span> <span class='ocrx_word' id='word_1_122' title='bbox 1746 1113 1778 1170; x_wconf 85' lang='lat' dir='ltr'>iu</span> 
     </span>
     <span class='ocr_line' id='line_1_10' title="bbox 83 1175 1778 1273; baseline -0.001 -21"><span class='ocrx_word' id='word_1_123' title='bbox 83 1195 162 1252; x_wconf 81' lang='lat' dir='ltr'>Cesar</span> <span class='ocrx_word' id='word_1_124' title='bbox 169 1192 198 1250; x_wconf 91' lang='lat' dir='ltr'>in</span> <span class='ocrx_word' id='word_1_125' title='bbox 208 1189 328 1247; x_wconf 88' lang='lat' dir='ltr'>denario</span> <span class='ocrx_word' id='word_1_126' title='bbox 337 1187 496 1263; x_wconf 77' lang='lat' dir='ltr'>imaginem</span> <span class='ocrx_word' id='word_1_127' title='bbox 504 1205 600 1257; x_wconf 86' lang='lat' dir='ltr'>suem,</span> <span class='ocrx_word' id='word_1_128' title='bbox 611 1187 653 1244; x_wconf 90' lang='lat' dir='ltr'>sic</span> <span class='ocrx_word' id='word_1_129' title='bbox 663 1193 738 1246; x_wconf 91' lang='lat' dir='ltr'>Deus</span> <span class='ocrx_word' id='word_1_130' title='bbox 748 1190 852 1262; x_wconf 78' lang='lat' dir='ltr'>querit</span> <span class='ocrx_word' id='word_1_131' title='bbox 863 1191 892 1248; x_wconf 92' lang='lat' dir='ltr'>iu</span> <span class='ocrx_word' id='word_1_132' title='bbox 947 1193 1099 1248; x_wconf 78' lang='lat' dir='ltr'>eternum,</span> <span class='ocrx_word' id='word_1_133' title='bbox 1112 1215 1125 1242; x_wconf 71' lang='lat' dir='ltr'>a</span> <span class='ocrx_word' id='word_1_134' title='bbox 1137 1195 1205 1260; x_wconf 81' lang='lat' dir='ltr'>Quae</span> <span class='ocrx_word' id='word_1_135' title='bbox 1216 1211 1284 1268; x_wconf 84' lang='lat' dir='ltr'>ergo</span> <span class='ocrx_word' id='word_1_136' title='bbox 1296 1195 1381 1254; x_wconf 88' lang='lat' dir='ltr'>uobis</span> <span class='ocrx_word' id='word_1_137' title='bbox 1392 1215 1459 1270; x_wconf 88' lang='lat' dir='ltr'>spos</span> <span class='ocrx_word' id='word_1_138' title='bbox 1470 1203 1524 1270; x_wconf 88' lang='lat' dir='ltr'>est,</span> <span class='ocrx_word' id='word_1_139' title='bbox 1540 1199 1590 1273; x_wconf 93' lang='lat' dir='ltr'>qui</span> <span class='ocrx_word' id='word_1_140' title='bbox 1602 1218 1661 1258; x_wconf 86' lang='lat' dir='ltr'>nou</span> <span class='ocrx_word' id='word_1_141' title='bbox 1672 1175 1778 1260; x_wconf 59' lang='lat' dir='ltr'>sumus</span> 
     </span>
     <span class='ocr_line' id='line_1_11' title="bbox 82 1276 1445 1356; baseline -0.004 -15"><span class='ocrx_word' id='word_1_142' title='bbox 82 1281 183 1341; x_wconf 88' lang='lat' dir='ltr'>homine</span> <span class='ocrx_word' id='word_1_143' title='bbox 194 1297 289 1338; x_wconf 87' lang='lat' dir='ltr'>suam.</span> <span class='ocrx_word' id='word_1_144' title='bbox 301 1277 359 1334; x_wconf 89' lang='lat' dir='ltr'>Nec</span> <span class='ocrx_word' id='word_1_145' title='bbox 370 1276 498 1334; x_wconf 87' lang='lat' dir='ltr'>alienum</span> <span class='ocrx_word' id='word_1_146' title='bbox 509 1277 579 1350; x_wconf 90' lang='lat' dir='ltr'>quid</span> <span class='ocrx_word' id='word_1_147' title='bbox 591 1276 695 1351; x_wconf 79' lang='lat' dir='ltr'>quaerit</span> <span class='ocrx_word' id='word_1_148' title='bbox 705 1279 782 1336; x_wconf 87' lang='lat' dir='ltr'>Deus</span> <span class='ocrx_word' id='word_1_149' title='bbox 793 1280 829 1336; x_wconf 86' lang='lat' dir='ltr'>ab</span> <span class='ocrx_word' id='word_1_150' title='bbox 842 1281 892 1338; x_wconf 93' lang='lat' dir='ltr'>ho·</span> <span class='ocrx_word' id='word_1_151' title='bbox 947 1278 983 1335; x_wconf 85' lang='lat' dir='ltr'>de</span> <span class='ocrx_word' id='word_1_152' title='bbox 999 1281 1141 1352; x_wconf 78' lang='lat' dir='ltr'>peccato?</span> <span class='ocrx_word' id='word_1_153' title='bbox 1154 1281 1229 1338; x_wconf 86' lang='lat' dir='ltr'>Audi</span> <span class='ocrx_word' id='word_1_154' title='bbox 1245 1300 1327 1356; x_wconf 89' lang='lat' dir='ltr'>spem</span> <span class='ocrx_word' id='word_1_155' title='bbox 1343 1289 1424 1342; x_wconf 84' lang='lat' dir='ltr'>tuam</span> <span class='ocrx_word' id='word_1_156' title='bbox 1438 1301 1445 1344; x_wconf 73' lang='grc' dir='ltr'><strong>ς</strong></span> 
     </span>
     <span class='ocr_line' id='line_1_12' title="bbox 83 1365 1776 1456; baseline 0.005 -28"><span class='ocrx_word' id='word_1_157' title='bbox 83 1369 214 1439; x_wconf 88' lang='lat' dir='ltr'>minc,sed</span> <span class='ocrx_word' id='word_1_158' title='bbox 227 1367 306 1442; x_wconf 91' lang='lat' dir='ltr'>quod</span> <span class='ocrx_word' id='word_1_159' title='bbox 318 1365 891 1426; x_wconf 85' lang='lat' dir='ltr'>condiditiuhomine.ldeoDeushomo</span> <span class='ocrx_word' id='word_1_160' title='bbox 983 1391 996 1418; x_wconf 87' lang='lat'>«</span> <span class='ocrx_word' id='word_1_161' title='bbox 1015 1367 1107 1426; x_wconf 75' lang='lat' dir='ltr'>l&#39;ilius</span> <span class='ocrx_word' id='word_1_162' title='bbox 1130 1374 1229 1426; x_wconf 89' lang='lat' dir='ltr'>manet</span> <span class='ocrx_word' id='word_1_163' title='bbox 1251 1370 1282 1426; x_wconf 89' lang='lat' dir='ltr'>in</span> <span class='ocrx_word' id='word_1_164' title='bbox 1304 1372 1391 1428; x_wconf 89' lang='lat' dir='ltr'>domo</span> <span class='ocrx_word' id='word_1_165' title='bbox 1422 1373 1451 1430; x_wconf 90' lang='lat' dir='ltr'>in</span> <span class='ocrx_word' id='word_1_166' title='bbox 1475 1379 1628 1434; x_wconf 80' lang='lat' dir='ltr'>eternum.</span> <span class='ocrx_word' id='word_1_167' title='bbox 1654 1377 1684 1434; x_wconf 90' lang='lat' dir='ltr'>Si</span> <span class='ocrx_word' id='word_1_168' title='bbox 1700 1392 1776 1456; x_wconf 74' lang='lat' dir='ltr'>‘ergo</span> 
     </span>
     <span class='ocr_line' id='line_1_13' title="bbox 81 1455 1776 1529; baseline 0.005 -12"><span class='ocrx_word' id='word_1_169' title='bbox 81 1463 158 1518; x_wconf 88' lang='lat' dir='ltr'>lautus</span> <span class='ocrx_word' id='word_1_170' title='bbox 167 1462 221 1526; x_wconf 90' lang='lat' dir='ltr'>est,</span> <span class='ocrx_word' id='word_1_171' title='bbox 233 1461 268 1514; x_wconf 91' lang='lat' dir='ltr'>ut</span> <span class='ocrx_word' id='word_1_172' title='bbox 278 1456 308 1512; x_wconf 92' lang='lat' dir='ltr'>in</span> <span class='ocrx_word' id='word_1_173' title='bbox 324 1455 443 1512; x_wconf 90' lang='lat' dir='ltr'>homine</span> <span class='ocrx_word' id='word_1_174' title='bbox 454 1455 712 1528; x_wconf 80' lang='lat' dir='ltr'>reformaretquod</span> <span class='ocrx_word' id='word_1_175' title='bbox 729 1455 758 1512; x_wconf 86' lang='lat' dir='ltr'>in</span> <span class='ocrx_word' id='word_1_176' title='bbox 772 1457 891 1516; x_wconf 86' lang='lat' dir='ltr'>homine</span> <span class='ocrx_word' id='word_1_177' title='bbox 946 1481 960 1508; x_wconf 89' lang='lat'>«</span> <span class='ocrx_word' id='word_1_178' title='bbox 972 1455 1063 1514; x_wconf 87' lang='lat' dir='ltr'>Filius</span> <span class='ocrx_word' id='word_1_179' title='bbox 1074 1475 1124 1516; x_wconf 87' lang='lat' dir='ltr'>vos</span> <span class='ocrx_word' id='word_1_180' title='bbox 1134 1457 1308 1529; x_wconf 79' lang='lat' dir='ltr'>liberaverit,</span> <span class='ocrx_word' id='word_1_181' title='bbox 1321 1465 1390 1517; x_wconf 88' lang='lat' dir='ltr'>tunc</span> <span class='ocrx_word' id='word_1_182' title='bbox 1400 1479 1465 1520; x_wconf 81' lang='lat' dir='ltr'>vere</span> <span class='ocrx_word' id='word_1_183' title='bbox 1479 1463 1562 1521; x_wconf 89' lang='lat' dir='ltr'>liberi</span> <span class='ocrx_word' id='word_1_184' title='bbox 1575 1467 1668 1524; x_wconf 88' lang='lat' dir='ltr'>eritis.</span> <span class='ocrx_word' id='word_1_185' title='bbox 1682 1491 1695 1518; x_wconf 82' lang='lat' dir='ltr'>u</span> <span class='ocrx_word' id='word_1_186' title='bbox 1710 1467 1776 1526; x_wconf 76' lang='lat' dir='ltr'>Haeo</span> 
     </span>
     <span class='ocr_line' id='line_1_14' title="bbox 79 1545 1777 1631; baseline -0.005 -23"><span class='ocrx_word' id='word_1_187' title='bbox 79 1549 204 1609; x_wconf 76' lang='lat' dir='ltr'>formavit.</span> <span class='ocrx_word' id='word_1_188' title='bbox 217 1550 294 1621; x_wconf 82' lang='lat' dir='ltr'>Ergo</span> <span class='ocrx_word' id='word_1_189' title='bbox 305 1545 526 1614; x_wconf 69' lang='lat' dir='ltr'>mentientibus,</span> <span class='ocrx_word' id='word_1_190' title='bbox 538 1548 566 1600; x_wconf 88' lang='lat' dir='ltr'>et</span> <span class='ocrx_word' id='word_1_191' title='bbox 577 1545 611 1600; x_wconf 91' lang='lat' dir='ltr'>de</span> <span class='ocrx_word' id='word_1_192' title='bbox 620 1562 693 1602; x_wconf 82' lang='lat' dir='ltr'>vana</span> <span class='ocrx_word' id='word_1_193' title='bbox 704 1545 836 1604; x_wconf 87' lang='lat' dir='ltr'>libertate</span> <span class='ocrx_word' id='word_1_194' title='bbox 848 1551 891 1604; x_wconf 88' lang='lat' dir='ltr'>tu·</span> <span class='ocrx_word' id='word_1_195' title='bbox 945 1562 1014 1619; x_wconf 83' lang='lat' dir='ltr'>spes</span> <span class='ocrx_word' id='word_1_196' title='bbox 1030 1550 1138 1614; x_wconf 86' lang='lat' dir='ltr'>nostra,</span> <span class='ocrx_word' id='word_1_197' title='bbox 1156 1547 1269 1613; x_wconf 80' lang='lat' dir='ltr'>fratres,</span> <span class='ocrx_word' id='word_1_198' title='bbox 1289 1554 1321 1604; x_wconf 91' lang='lat' dir='ltr'>ut</span> <span class='ocrx_word' id='word_1_199' title='bbox 1336 1565 1353 1606; x_wconf 92' lang='lat' dir='ltr'>a</span> <span class='ocrx_word' id='word_1_200' title='bbox 1366 1549 1457 1609; x_wconf 90' lang='lat' dir='ltr'>libero</span> <span class='ocrx_word' id='word_1_201' title='bbox 1470 1552 1641 1624; x_wconf 87' lang='lat' dir='ltr'>liberemur,</span> <span class='ocrx_word' id='word_1_202' title='bbox 1657 1561 1686 1613; x_wconf 89' lang='lat' dir='ltr'>et</span> <span class='ocrx_word' id='word_1_203' title='bbox 1702 1557 1777 1631; x_wconf 45' lang='lat' dir='ltr'>libs.</span> 
     </span>
     <span class='ocr_line' id='line_1_15' title="bbox 79 1633 1772 1720; baseline 0.002 -22"><span class='ocrx_word' id='word_1_204' title='bbox 79 1639 217 1706; x_wconf 85' lang='lat' dir='ltr'>mentibus,</span> <span class='ocrx_word' id='word_1_205' title='bbox 234 1636 309 1709; x_wconf 90' lang='lat' dir='ltr'>quid</span> <span class='ocrx_word' id='word_1_206' title='bbox 326 1633 525 1708; x_wconf 78' lang='lat' dir='ltr'>respondisset</span> <span class='ocrx_word' id='word_1_207' title='bbox 551 1633 691 1690; x_wconf 85' lang='lat' dir='ltr'>Dominus</span> <span class='ocrx_word' id='word_1_208' title='bbox 711 1635 821 1692; x_wconf 74' lang='lat' dir='ltr'>iudeis</span> <span class='ocrx_word' id='word_1_209' title='bbox 837 1655 890 1694; x_wconf 90' lang='lat' dir='ltr'>au·</span> <span class='ocrx_word' id='word_1_210' title='bbox 945 1634 1036 1690; x_wconf 87' lang='lat' dir='ltr'>rande</span> <span class='ocrx_word' id='word_1_211' title='bbox 1053 1651 1151 1692; x_wconf 84' lang='lat' dir='ltr'>servos</span> <span class='ocrx_word' id='word_1_212' title='bbox 1168 1653 1220 1693; x_wconf 89' lang='lat' dir='ltr'>nos</span> <span class='ocrx_word' id='word_1_213' title='bbox 1232 1635 1327 1694; x_wconf 84' lang='lat' dir='ltr'>iaciat.</span> <span class='ocrx_word' id='word_1_214' title='bbox 1345 1639 1422 1694; x_wconf 88' lang='lat' dir='ltr'>Servi</span> <span class='ocrx_word' id='word_1_215' title='bbox 1435 1640 1512 1698; x_wconf 89' lang='lat' dir='ltr'>enirn</span> <span class='ocrx_word' id='word_1_216' title='bbox 1523 1659 1641 1702; x_wconf 86' lang='lat' dir='ltr'>cremus</span> <span class='ocrx_word' id='word_1_217' title='bbox 1656 1645 1772 1720; x_wconf 89' lang='lat' dir='ltr'>cupidi·</span> 
     </span>
     <span class='ocr_line' id='line_1_16' title="bbox 77 1722 1774 1794; baseline 0.001 -8"><span class='ocrx_word' id='word_1_218' title='bbox 77 1733 186 1787; x_wconf 84' lang='lat' dir='ltr'>diamus.</span> <span class='ocrx_word' id='word_1_219' title='bbox 942 1722 1022 1794; x_wconf 90' lang='lat' dir='ltr'>tutis,</span> <span class='ocrx_word' id='word_1_220' title='bbox 1040 1723 1123 1780; x_wconf 89' lang='lat' dir='ltr'>liberi</span> <span class='ocrx_word' id='word_1_221' title='bbox 1135 1724 1281 1782; x_wconf 79' lang='lat' dir='ltr'>afficimur</span> <span class='ocrx_word' id='word_1_222' title='bbox 1290 1724 1364 1784; x_wconf 84' lang='lat' dir='ltr'>servi</span> <span class='ocrx_word' id='word_1_223' title='bbox 1376 1727 1537 1786; x_wconf 82' lang='lat' dir='ltr'>charitatis.</span> <span class='ocrx_word' id='word_1_224' title='bbox 1546 1731 1643 1790; x_wconf 87' lang='lat' dir='ltr'>Prima</span> <span class='ocrx_word' id='word_1_225' title='bbox 1653 1732 1774 1793; x_wconf 87' lang='lat' dir='ltr'>libertas</span> 
     </span>
     <span class='ocr_line' id='line_1_17' title="bbox 103 1811 1775 1892; baseline -0.001 -16"><span class='ocrx_word' id='word_1_226' title='bbox 103 1820 215 1876; x_wconf 75' lang='lat' dir='ltr'>«Amen</span> <span class='ocrx_word' id='word_1_227' title='bbox 238 1831 327 1872; x_wconf 90' lang='lat' dir='ltr'>amen</span> <span class='ocrx_word' id='word_1_228' title='bbox 348 1812 412 1870; x_wconf 87' lang='lat' dir='ltr'>dieo</span> <span class='ocrx_word' id='word_1_229' title='bbox 427 1811 522 1884; x_wconf 82' lang='lat' dir='ltr'>vobis,</span> <span class='ocrx_word' id='word_1_230' title='bbox 539 1811 608 1884; x_wconf 83' lang='lat' dir='ltr'>quia</span> <span class='ocrx_word' id='word_1_231' title='bbox 623 1811 719 1870; x_wconf 91' lang='lat' dir='ltr'>omnis</span> <span class='ocrx_word' id='word_1_232' title='bbox 743 1813 793 1887; x_wconf 91' lang='lat' dir='ltr'>qui</span> <span class='ocrx_word' id='word_1_233' title='bbox 819 1816 887 1872; x_wconf 85' lang='lat' dir='ltr'>tacit</span> <span class='ocrx_word' id='word_1_234' title='bbox 943 1816 1059 1868; x_wconf 87' lang='lat' dir='ltr'>estnon</span> <span class='ocrx_word' id='word_1_235' title='bbox 1076 1813 1292 1886; x_wconf 80' lang='lat' dir='ltr'>permanerem</span> <span class='ocrx_word' id='word_1_236' title='bbox 1313 1819 1441 1887; x_wconf 86' lang='lat' dir='ltr'>peceato,</span> <span class='ocrx_word' id='word_1_237' title='bbox 1455 1816 1562 1875; x_wconf 88' lang='lat' dir='ltr'>servire</span> <span class='ocrx_word' id='word_1_238' title='bbox 1577 1820 1711 1892; x_wconf 78' lang='lat' dir='ltr'>justitie,</span> <span class='ocrx_word' id='word_1_239' title='bbox 1727 1823 1775 1879; x_wconf 88' lang='lat' dir='ltr'>di-</span> 
     </span>
     <span class='ocr_line' id='line_1_18' title="bbox 74 1901 1773 1984; baseline 0.002 -22"><span class='ocrx_word' id='word_1_240' title='bbox 74 1912 250 1984; x_wconf 80' lang='lat' dir='ltr'>«peceatum,</span> <span class='ocrx_word' id='word_1_241' title='bbox 271 1921 373 1962; x_wconf 75' lang='lat' dir='ltr'>seruus</span> <span class='ocrx_word' id='word_1_242' title='bbox 389 1905 433 1960; x_wconf 87' lang='lat' dir='ltr'>est</span> <span class='ocrx_word' id='word_1_243' title='bbox 444 1901 565 1976; x_wconf 89' lang='lat' dir='ltr'>peccati.</span> <span class='ocrx_word' id='word_1_244' title='bbox 576 1926 590 1952; x_wconf 72' lang='lat' dir='ltr'>a</span> <span class='ocrx_word' id='word_1_245' title='bbox 606 1901 676 1967; x_wconf 83' lang='lat' dir='ltr'>Quis</span> <span class='ocrx_word' id='word_1_246' title='bbox 687 1905 812 1974; x_wconf 77' lang='lat' dir='ltr'>nonsub</span> <span class='ocrx_word' id='word_1_247' title='bbox 824 1905 889 1962; x_wconf 90' lang='lat' dir='ltr'>istis</span> <span class='ocrx_word' id='word_1_248' title='bbox 945 1905 1026 1957; x_wconf 88' lang='lat' dir='ltr'>conte</span> <span class='ocrx_word' id='word_1_249' title='bbox 1051 1901 1205 1974; x_wconf 77' lang='lat' dir='ltr'>Apostolu.</span> <span class='ocrx_word' id='word_1_250' title='bbox 1224 1927 1237 1954; x_wconf 78' lang='lat' dir='ltr'>a</span> <span class='ocrx_word' id='word_1_251' title='bbox 1254 1903 1325 1960; x_wconf 82' lang='lat' dir='ltr'>Cum</span> <span class='ocrx_word' id='word_1_252' title='bbox 1341 1904 1419 1960; x_wconf 90' lang='lat' dir='ltr'>enim</span> <span class='ocrx_word' id='word_1_253' title='bbox 1442 1905 1517 1962; x_wconf 87' lang='lat' dir='ltr'>servi</span> <span class='ocrx_word' id='word_1_254' title='bbox 1531 1907 1637 1964; x_wconf 86' lang='lat' dir='ltr'>essetis</span> <span class='ocrx_word' id='word_1_255' title='bbox 1648 1911 1773 1982; x_wconf 86' lang='lat' dir='ltr'>peccati,</span> 
     </span>
     <span class='ocr_line' id='line_1_19' title="bbox 74 1988 1770 2066; baseline -0.011 -12"><span class='ocrx_word' id='word_1_256' title='bbox 74 1993 381 2062; x_wconf 77' lang='lat' dir='ltr'>verbiscontremiscat,</span> <span class='ocrx_word' id='word_1_257' title='bbox 394 1990 418 2050; x_wconf 92' lang='lat' dir='ltr'>si</span> <span class='ocrx_word' id='word_1_258' title='bbox 431 1991 528 2048; x_wconf 90' lang='lat' dir='ltr'>omnis</span> <span class='ocrx_word' id='word_1_259' title='bbox 540 1990 627 2050; x_wconf 83' lang='lat' dir='ltr'>honac</span> <span class='ocrx_word' id='word_1_260' title='bbox 639 1996 782 2065; x_wconf 87' lang='lat' dir='ltr'>peccator,</span> <span class='ocrx_word' id='word_1_261' title='bbox 792 1995 890 2053; x_wconf 90' lang='lat' dir='ltr'>omnis</span> <span class='ocrx_word' id='word_1_262' title='bbox 943 1988 1027 2046; x_wconf 88' lang='lat' dir='ltr'>liberi</span> <span class='ocrx_word' id='word_1_263' title='bbox 1043 1989 1132 2048; x_wconf 86' lang='lat' dir='ltr'>aratis</span> <span class='ocrx_word' id='word_1_264' title='bbox 1141 1991 1264 2064; x_wconf 77' lang='lat' dir='ltr'>justitie</span> <span class='ocrx_word' id='word_1_265' title='bbox 1275 1993 1362 2062; x_wconf 85' lang='lat' dir='ltr'>(Dum.</span> <span class='ocrx_word' id='word_1_266' title='bbox 1380 1993 1430 2066; x_wconf 85' lang='lat' dir='ltr'>vr.)</span> <span class='ocrx_word' id='word_1_267' title='bbox 1448 2017 1462 2044; x_wconf 87' lang='lat'>»</span> <span class='ocrx_word' id='word_1_268' title='bbox 1478 1995 1561 2052; x_wconf 65' lang='lat' dir='ltr'>Nunc</span> <span class='ocrx_word' id='word_1_269' title='bbox 1573 2001 1671 2055; x_wconf 59' lang='lat' dir='ltr'>autem</span> <span class='ocrx_word' id='word_1_270' title='bbox 1683 1998 1770 2056; x_wconf 51' lang='lat' dir='ltr'><strong>habe.</strong></span> 
     </span>
     <span class='ocr_line' id='line_1_20' title="bbox 73 2079 1774 2159; baseline -0.008 -12"><span class='ocrx_word' id='word_1_271' title='bbox 73 2091 252 2147; x_wconf 85' lang='lat' dir='ltr'>bomoservus</span> <span class='ocrx_word' id='word_1_272' title='bbox 264 2083 399 2159; x_wconf 80' lang='lat' dir='ltr'>peccati?</span> <span class='ocrx_word' id='word_1_273' title='bbox 410 2083 465 2138; x_wconf 89' lang='lat' dir='ltr'>Sed</span> <span class='ocrx_word' id='word_1_274' title='bbox 478 2079 711 2138; x_wconf 86' lang='lat' dir='ltr'>inbisattontius</span> <span class='ocrx_word' id='word_1_275' title='bbox 721 2083 888 2155; x_wconf 88' lang='lat' dir='ltr'>audiamus,</span> <span class='ocrx_word' id='word_1_276' title='bbox 943 2079 982 2136; x_wconf 85' lang='lat' dir='ltr'>tis</span> <span class='ocrx_word' id='word_1_277' title='bbox 999 2079 1124 2134; x_wconf 86' lang='lat' dir='ltr'>tructam</span> <span class='ocrx_word' id='word_1_278' title='bbox 1136 2084 1265 2137; x_wconf 87' lang='lat' dir='ltr'>vestrum</span> <span class='ocrx_word' id='word_1_279' title='bbox 1282 2081 1311 2136; x_wconf 91' lang='lat' dir='ltr'>in</span> <span class='ocrx_word' id='word_1_280' title='bbox 1323 2083 1596 2152; x_wconf 87' lang='lat' dir='ltr'>sanctificationem,</span> <span class='ocrx_word' id='word_1_281' title='bbox 1608 2085 1695 2142; x_wconf 78' lang='lat' dir='ltr'>linem</span> <span class='ocrx_word' id='word_1_282' title='bbox 1706 2104 1774 2146; x_wconf 64' lang='lat' dir='ltr'>ver-0</span> 
     </span>
     <span class='ocr_line' id='line_1_21' title="bbox 73 2167 1775 2254; baseline -0.002 -18"><span class='ocrx_word' id='word_1_283' title='bbox 73 2177 180 2254; x_wconf 76' lang='lat' dir='ltr'>qualiter</span> <span class='ocrx_word' id='word_1_284' title='bbox 193 2175 359 2232; x_wconf 86' lang='lat' dir='ltr'>liberemur</span> <span class='ocrx_word' id='word_1_285' title='bbox 369 2173 404 2230; x_wconf 89' lang='lat' dir='ltr'>de</span> <span class='ocrx_word' id='word_1_286' title='bbox 413 2171 469 2228; x_wconf 88' lang='lat' dir='ltr'>bac</span> <span class='ocrx_word' id='word_1_287' title='bbox 479 2170 627 2228; x_wconf 84' lang='lat' dir='ltr'>servitute.</span> <span class='ocrx_word' id='word_1_288' title='bbox 642 2171 795 2228; x_wconf 81' lang='lat' dir='ltr'>Terrorem</span> <span class='ocrx_word' id='word_1_289' title='bbox 807 2172 889 2230; x_wconf 91' lang='lat' dir='ltr'>ineu·</span> <span class='ocrx_word' id='word_1_290' title='bbox 943 2167 1033 2224; x_wconf 86' lang='lat' dir='ltr'>vitam</span> <span class='ocrx_word' id='word_1_291' title='bbox 1050 2171 1199 2224; x_wconf 79' lang='lat' dir='ltr'>aeternam.</span> <span class='ocrx_word' id='word_1_292' title='bbox 1212 2169 1341 2227; x_wconf 75' lang='lat' dir='ltr'>Perfecta</span> <span class='ocrx_word' id='word_1_293' title='bbox 1350 2187 1417 2228; x_wconf 84' lang='lat' dir='ltr'>vero</span> <span class='ocrx_word' id='word_1_294' title='bbox 1427 2171 1551 2230; x_wconf 90' lang='lat' dir='ltr'>libertus</span> <span class='ocrx_word' id='word_1_295' title='bbox 1561 2179 1606 2231; x_wconf 90' lang='lat' dir='ltr'>est</span> <span class='ocrx_word' id='word_1_296' title='bbox 1620 2176 1679 2237; x_wconf 89' lang='lat' dir='ltr'>Deo</span> <span class='ocrx_word' id='word_1_297' title='bbox 1690 2176 1775 2233; x_wconf 91' lang='lat' dir='ltr'>Chri·</span> 
     </span>
     <span class='ocr_line' id='line_1_22' title="bbox 72 2255 1773 2339; baseline -0.004 -11"><span class='ocrx_word' id='word_1_298' title='bbox 72 2269 107 2339; x_wconf 90' lang='lat' dir='ltr'>tit,</span> <span class='ocrx_word' id='word_1_299' title='bbox 127 2268 174 2327; x_wconf 87' lang='lat' dir='ltr'>sed</span> <span class='ocrx_word' id='word_1_300' title='bbox 198 2264 383 2324; x_wconf 80' lang='lat' dir='ltr'>medicinam</span> <span class='ocrx_word' id='word_1_301' title='bbox 407 2261 537 2320; x_wconf 85' lang='lat' dir='ltr'>adhibet.</span> <span class='ocrx_word' id='word_1_302' title='bbox 562 2261 637 2320; x_wconf 86' lang='lat' dir='ltr'>Nem</span> <span class='ocrx_word' id='word_1_303' title='bbox 662 2259 703 2318; x_wconf 88' lang='lat' dir='ltr'>ait</span> <span class='ocrx_word' id='word_1_304' title='bbox 727 2261 887 2321; x_wconf 86' lang='lat' dir='ltr'>Dominus:</span> <span class='ocrx_word' id='word_1_305' title='bbox 944 2261 988 2314; x_wconf 89' lang='lat' dir='ltr'>stc</span> <span class='ocrx_word' id='word_1_306' title='bbox 1004 2255 1122 2325; x_wconf 86' lang='lat' dir='ltr'>servire,</span> <span class='ocrx_word' id='word_1_307' title='bbox 1134 2256 1218 2314; x_wconf 92' lang='lat' dir='ltr'>illum</span> <span class='ocrx_word' id='word_1_308' title='bbox 1230 2258 1350 2334; x_wconf 83' lang='lat' dir='ltr'>diligere</span> <span class='ocrx_word' id='word_1_309' title='bbox 1367 2260 1491 2333; x_wconf 90' lang='lat' dir='ltr'>quivere</span> <span class='ocrx_word' id='word_1_310' title='bbox 1505 2262 1711 2338; x_wconf 86' lang='lat' dir='ltr'>nostiberavit,</span> <span class='ocrx_word' id='word_1_311' title='bbox 1723 2265 1773 2339; x_wconf 92' lang='lat' dir='ltr'>qui</span> 
     </span>
     <span class='ocr_line' id='line_1_23' title="bbox 76 2344 1774 2423; baseline -0.002 -8"><span class='ocrx_word' id='word_1_312' title='bbox 76 2363 177 2418; x_wconf 70' lang='lat' dir='ltr'>ulman</span> <span class='ocrx_word' id='word_1_313' title='bbox 192 2373 284 2414; x_wconf 89' lang='lat' dir='ltr'>amen</span> <span class='ocrx_word' id='word_1_314' title='bbox 308 2353 372 2410; x_wconf 86' lang='lat' dir='ltr'>dioc</span> <span class='ocrx_word' id='word_1_315' title='bbox 392 2351 486 2408; x_wconf 80' lang='lat' dir='ltr'>vobis.</span> <span class='ocrx_word' id='word_1_316' title='bbox 505 2373 519 2400; x_wconf 75' lang='lat' dir='ltr'><strong><em>n</em></strong></span> <span class='ocrx_word' id='word_1_317' title='bbox 540 2349 613 2415; x_wconf 88' lang='lat' dir='ltr'>Quid</span> <span class='ocrx_word' id='word_1_318' title='bbox 629 2354 673 2407; x_wconf 88' lang='lat' dir='ltr'>est</span> <span class='ocrx_word' id='word_1_319' title='bbox 688 2367 774 2408; x_wconf 87' lang='lat' dir='ltr'>amen</span> <span class='ocrx_word' id='word_1_320' title='bbox 791 2369 888 2423; x_wconf 87' lang='lat' dir='ltr'>amen,</span> <span class='ocrx_word' id='word_1_321' title='bbox 942 2361 1008 2404; x_wconf 84' lang='lat' dir='ltr'>vere</span> <span class='ocrx_word' id='word_1_322' title='bbox 1018 2350 1062 2402; x_wconf 88' lang='lat' dir='ltr'>est</span> <span class='ocrx_word' id='word_1_323' title='bbox 1081 2344 1170 2402; x_wconf 80' lang='lat' dir='ltr'>Filius</span> <span class='ocrx_word' id='word_1_324' title='bbox 1185 2347 1248 2417; x_wconf 85' lang='lat' dir='ltr'>Dei,</span> <span class='ocrx_word' id='word_1_325' title='bbox 1264 2349 1292 2404; x_wconf 93' lang='lat' dir='ltr'>et</span> <span class='ocrx_word' id='word_1_326' title='bbox 1308 2349 1486 2406; x_wconf 90' lang='lat' dir='ltr'>Dominusin</span> <span class='ocrx_word' id='word_1_327' title='bbox 1504 2351 1596 2409; x_wconf 84' lang='lat' dir='ltr'>torma</span> <span class='ocrx_word' id='word_1_328' title='bbox 1612 2353 1698 2422; x_wconf 88' lang='lat' dir='ltr'>servi,</span> <span class='ocrx_word' id='word_1_329' title='bbox 1715 2371 1774 2412; x_wconf 87' lang='lat' dir='ltr'>nou</span> 
     </span>
     <span class='ocr_line' id='line_1_24' title="bbox 74 2426 1776 2516; baseline -0.006 -8"><span class='ocrx_word' id='word_1_330' title='bbox 74 2450 118 2508; x_wconf 89' lang='lat' dir='ltr'>uisi</span> <span class='ocrx_word' id='word_1_331' title='bbox 132 2464 227 2506; x_wconf 87' lang='lat' dir='ltr'>verum</span> <span class='ocrx_word' id='word_1_332' title='bbox 248 2445 318 2501; x_wconf 89' lang='lat' dir='ltr'>dico</span> <span class='ocrx_word' id='word_1_333' title='bbox 336 2441 438 2500; x_wconf 74' lang='lat' dir='ltr'>vobis?</span> <span class='ocrx_word' id='word_1_334' title='bbox 462 2441 543 2508; x_wconf 88' lang='lat' dir='ltr'>Quod</span> <span class='ocrx_word' id='word_1_335' title='bbox 559 2439 679 2496; x_wconf 87' lang='lat' dir='ltr'>verbum</span> <span class='ocrx_word' id='word_1_336' title='bbox 696 2457 748 2496; x_wconf 86' lang='lat' dir='ltr'>nec</span> <span class='ocrx_word' id='word_1_337' title='bbox 772 2439 890 2500; x_wconf 79' lang='lat' dir='ltr'>Grecos</span> <span class='ocrx_word' id='word_1_338' title='bbox 944 2436 1116 2502; x_wconf 81' lang='lat' dir='ltr'>servus,scd</span> <span class='ocrx_word' id='word_1_339' title='bbox 1131 2435 1159 2490; x_wconf 90' lang='lat' dir='ltr'>in</span> <span class='ocrx_word' id='word_1_340' title='bbox 1172 2435 1353 2493; x_wconf 85' lang='lat' dir='ltr'>formaservi</span> <span class='ocrx_word' id='word_1_341' title='bbox 1368 2438 1518 2497; x_wconf 88' lang='lat' dir='ltr'>Dominus.</span> <span class='ocrx_word' id='word_1_342' title='bbox 1532 2440 1715 2516; x_wconf 87' lang='lat' dir='ltr'>Fuitquippe</span> <span class='ocrx_word' id='word_1_343' title='bbox 1726 2426 1776 2500; x_wconf 90' lang='lat' dir='ltr'>illa</span> 
     </span>
     <span class='ocr_line' id='line_1_25' title="bbox 73 2523 1775 2612; baseline -0.004 -15"><span class='ocrx_word' id='word_1_344' title='bbox 73 2541 209 2612; x_wconf 84' lang='lat' dir='ltr'>interpres,</span> <span class='ocrx_word' id='word_1_345' title='bbox 220 2551 280 2592; x_wconf 88' lang='lat' dir='ltr'>nec</span> <span class='ocrx_word' id='word_1_346' title='bbox 292 2533 414 2590; x_wconf 85' lang='lat' dir='ltr'>Latinus</span> <span class='ocrx_word' id='word_1_347' title='bbox 425 2547 516 2587; x_wconf 86' lang='lat' dir='ltr'>ausus</span> <span class='ocrx_word' id='word_1_348' title='bbox 529 2528 613 2586; x_wconf 88' lang='lat' dir='ltr'>estin</span> <span class='ocrx_word' id='word_1_349' title='bbox 630 2527 717 2586; x_wconf 89' lang='lat' dir='ltr'>aliam</span> <span class='ocrx_word' id='word_1_350' title='bbox 730 2529 888 2588; x_wconf 74' lang='lat' dir='ltr'>transferre</span> <span class='ocrx_word' id='word_1_351' title='bbox 944 2524 1041 2580; x_wconf 88' lang='lat' dir='ltr'>carnis</span> <span class='ocrx_word' id='word_1_352' title='bbox 1057 2525 1150 2580; x_wconf 87' lang='lat' dir='ltr'>torma</span> <span class='ocrx_word' id='word_1_353' title='bbox 1166 2523 1295 2596; x_wconf 79' lang='lat' dir='ltr'>seri·ilis;</span> <span class='ocrx_word' id='word_1_354' title='bbox 1308 2527 1443 2600; x_wconf 89' lang='lat' dir='ltr'>quamvis</span> <span class='ocrx_word' id='word_1_355' title='bbox 1454 2533 1532 2586; x_wconf 83' lang='lat' dir='ltr'>esset</span> <span class='ocrx_word' id='word_1_356' title='bbox 1542 2529 1704 2588; x_wconf 89' lang='lat' dir='ltr'>similitudo</span> <span class='ocrx_word' id='word_1_357' title='bbox 1715 2549 1775 2590; x_wconf 87' lang='lat' dir='ltr'>ear·</span> 
     </span>
     <span class='ocr_line' id='line_1_26' title="bbox 72 2613 1774 2703; baseline -0.009 -17"><span class='ocrx_word' id='word_1_358' title='bbox 72 2628 197 2703; x_wconf 84' lang='lat' dir='ltr'>linguam,</span> <span class='ocrx_word' id='word_1_359' title='bbox 219 2629 255 2683; x_wconf 88' lang='lat' dir='ltr'>ut</span> <span class='ocrx_word' id='word_1_360' title='bbox 282 2624 423 2680; x_wconf 90' lang='lat' dir='ltr'>bonorem</span> <span class='ocrx_word' id='word_1_361' title='bbox 448 2618 568 2675; x_wconf 89' lang='lat' dir='ltr'>haberet</span> <span class='ocrx_word' id='word_1_362' title='bbox 583 2617 747 2685; x_wconf 82' lang='lat' dir='ltr'>velamento</span> <span class='ocrx_word' id='word_1_363' title='bbox 763 2623 887 2690; x_wconf 88' lang='lat' dir='ltr'>secreto,</span> <span class='ocrx_word' id='word_1_364' title='bbox 943 2614 989 2668; x_wconf 87' lang='lat' dir='ltr'>nis</span> <span class='ocrx_word' id='word_1_365' title='bbox 1005 2613 1127 2686; x_wconf 87' lang='lat' dir='ltr'>peccati,</span> <span class='ocrx_word' id='word_1_366' title='bbox 1155 2630 1212 2669; x_wconf 90' lang='lat' dir='ltr'>non</span> <span class='ocrx_word' id='word_1_367' title='bbox 1228 2619 1291 2670; x_wconf 87' lang='lat' dir='ltr'>erat</span> <span class='ocrx_word' id='word_1_368' title='bbox 1314 2616 1436 2687; x_wconf 81' lang='lat' dir='ltr'>precati,</span> <span class='ocrx_word' id='word_1_369' title='bbox 1454 2616 1618 2675; x_wconf 86' lang='lat' dir='ltr'>libertatem</span> <span class='ocrx_word' id='word_1_370' title='bbox 1636 2620 1774 2692; x_wconf 77' lang='lat' dir='ltr'>promisit</span> 
     </span>
     <span class='ocr_line' id='line_1_27' title="bbox 74 2700 1774 2791; baseline -0.006 -16"><span class='ocrx_word' id='word_1_371' title='bbox 74 2716 220 2780; x_wconf 81' lang='lat' dir='ltr'>testificatio</span> <span class='ocrx_word' id='word_1_372' title='bbox 231 2711 369 2791; x_wconf 74' lang='lat' dir='ltr'>veritatis</span> <span class='ocrx_word' id='word_1_373' title='bbox 379 2710 408 2766; x_wconf 91' lang='lat' dir='ltr'>iu</span> <span class='ocrx_word' id='word_1_374' title='bbox 420 2707 544 2769; x_wconf 86' lang='lat' dir='ltr'>Christo.</span> <span class='ocrx_word' id='word_1_375' title='bbox 555 2706 670 2764; x_wconf 78' lang='lat' dir='ltr'>Veritas</span> <span class='ocrx_word' id='word_1_376' title='bbox 683 2705 767 2763; x_wconf 85' lang='lat' dir='ltr'>dicit:</span> <span class='ocrx_word' id='word_1_377' title='bbox 779 2707 887 2766; x_wconf 89' lang='lat' dir='ltr'>Verum</span> <span class='ocrx_word' id='word_1_378' title='bbox 943 2702 1129 2760; x_wconf 86' lang='lat' dir='ltr'>credentibus</span> <span class='ocrx_word' id='word_1_379' title='bbox 1144 2700 1173 2757; x_wconf 92' lang='lat' dir='ltr'>iu</span> <span class='ocrx_word' id='word_1_380' title='bbox 1184 2717 1225 2758; x_wconf 88' lang='lat' dir='ltr'>se.</span> <span class='ocrx_word' id='word_1_381' title='bbox 1235 2702 1328 2758; x_wconf 83' lang='lat' dir='ltr'>ludaei</span> <span class='ocrx_word' id='word_1_382' title='bbox 1341 2721 1407 2760; x_wconf 87' lang='lat' dir='ltr'>vero</span> <span class='ocrx_word' id='word_1_383' title='bbox 1420 2709 1561 2778; x_wconf 86' lang='lat' dir='ltr'>tauquam</span> <span class='ocrx_word' id='word_1_384' title='bbox 1574 2707 1609 2764; x_wconf 89' lang='lat' dir='ltr'>de</span> <span class='ocrx_word' id='word_1_385' title='bbox 1622 2725 1676 2764; x_wconf 87' lang='lat' dir='ltr'>sua</span> <span class='ocrx_word' id='word_1_386' title='bbox 1687 2706 1774 2776; x_wconf 84' lang='lat' dir='ltr'>liber·</span> 
     </span>
     <span class='ocr_line' id='line_1_28' title="bbox 72 2789 1770 2874; baseline -0.006 -10"><span class='ocrx_word' id='word_1_387' title='bbox 72 2824 156 2864; x_wconf 72' lang='lat' dir='ltr'>aarum</span> <span class='ocrx_word' id='word_1_388' title='bbox 171 2805 235 2862; x_wconf 90' lang='lat' dir='ltr'>dico</span> <span class='ocrx_word' id='word_1_389' title='bbox 251 2801 349 2869; x_wconf 81' lang='lat' dir='ltr'>vobis,</span> <span class='ocrx_word' id='word_1_390' title='bbox 360 2797 533 2874; x_wconf 81' lang='lat' dir='ltr'>ingeminat,</span> <span class='ocrx_word' id='word_1_391' title='bbox 545 2794 667 2870; x_wconf 88' lang='lat' dir='ltr'>replicat</span> <span class='ocrx_word' id='word_1_392' title='bbox 683 2795 802 2852; x_wconf 89' lang='lat' dir='ltr'>verbum</span> <span class='ocrx_word' id='word_1_393' title='bbox 817 2796 889 2854; x_wconf 85' lang='lat' dir='ltr'>veri-</span> <span class='ocrx_word' id='word_1_394' title='bbox 942 2794 1000 2847; x_wconf 89' lang='lat' dir='ltr'>tate</span> <span class='ocrx_word' id='word_1_395' title='bbox 1015 2789 1228 2864; x_wconf 85' lang='lat' dir='ltr'>superbientes,</span> <span class='ocrx_word' id='word_1_396' title='bbox 1244 2789 1392 2865; x_wconf 86' lang='lat' dir='ltr'>dedignati</span> <span class='ocrx_word' id='word_1_397' title='bbox 1409 2797 1479 2851; x_wconf 89' lang='lat' dir='ltr'>sunt</span> <span class='ocrx_word' id='word_1_398' title='bbox 1494 2793 1556 2852; x_wconf 82' lang='lat' dir='ltr'>ueri</span> <span class='ocrx_word' id='word_1_399' title='bbox 1582 2794 1677 2865; x_wconf 89' lang='lat' dir='ltr'>liberi,</span> <span class='ocrx_word' id='word_1_400' title='bbox 1701 2814 1770 2854; x_wconf 90' lang='lat' dir='ltr'>cum</span> 
     </span>
     <span class='ocr_line' id='line_1_29' title="bbox 72 2879 1769 2976; baseline -0.006 -24"><span class='ocrx_word' id='word_1_401' title='bbox 72 2896 140 2976; x_wconf 73' lang='lat' dir='ltr'>tatis,</span> <span class='ocrx_word' id='word_1_402' title='bbox 155 2902 188 2952; x_wconf 89' lang='lat' dir='ltr'>ut</span> <span class='ocrx_word' id='word_1_403' title='bbox 203 2892 350 2951; x_wconf 87' lang='lat' dir='ltr'>excitaret</span> <span class='ocrx_word' id='word_1_404' title='bbox 366 2888 554 2952; x_wconf 84' lang='lat' dir='ltr'>dormientes,</span> <span class='ocrx_word' id='word_1_405' title='bbox 571 2883 699 2940; x_wconf 88' lang='lat' dir='ltr'>intentos</span> <span class='ocrx_word' id='word_1_406' title='bbox 715 2883 821 2941; x_wconf 89' lang='lat' dir='ltr'>taceret</span> <span class='ocrx_word' id='word_1_407' title='bbox 835 2902 888 2943; x_wconf 90' lang='lat' dir='ltr'>au·</span> <span class='ocrx_word' id='word_1_408' title='bbox 941 2879 1121 2938; x_wconf 88' lang='lat' dir='ltr'>essentservi</span> <span class='ocrx_word' id='word_1_409' title='bbox 1134 2879 1256 2952; x_wconf 84' lang='lat' dir='ltr'>peccati.</span> <span class='ocrx_word' id='word_1_410' title='bbox 1272 2879 1338 2937; x_wconf 91' lang='lat' dir='ltr'>ideo</span> <span class='ocrx_word' id='word_1_411' title='bbox 1349 2885 1489 2938; x_wconf 90' lang='lat' dir='ltr'>automse</span> <span class='ocrx_word' id='word_1_412' title='bbox 1499 2882 1679 2942; x_wconf 87' lang='lat' dir='ltr'>liberososse</span> <span class='ocrx_word' id='word_1_413' title='bbox 1689 2885 1769 2943; x_wconf 86' lang='lat' dir='ltr'>dixe-</span> 
     </span>
     <span class='ocr_line' id='line_1_30' title="bbox 72 2967 1768 3053; baseline -0.007 -13"><span class='ocrx_word' id='word_1_414' title='bbox 72 2985 177 3053; x_wconf 87' lang='lat' dir='ltr'>dientes,</span> <span class='ocrx_word' id='word_1_415' title='bbox 194 3000 247 3039; x_wconf 88' lang='lat' dir='ltr'>noc</span> <span class='ocrx_word' id='word_1_416' title='bbox 273 2979 509 3036; x_wconf 82' lang='lat' dir='ltr'>contemneretur</span> <span class='ocrx_word' id='word_1_417' title='bbox 523 2972 574 3046; x_wconf 92' lang='lat' dir='ltr'>qui</span> <span class='ocrx_word' id='word_1_418' title='bbox 588 2972 646 3028; x_wconf 91' lang='lat' dir='ltr'>ait:</span> <span class='ocrx_word' id='word_1_419' title='bbox 663 2995 677 3022; x_wconf 89' lang='lat'>«</span> <span class='ocrx_word' id='word_1_420' title='bbox 693 2973 783 3028; x_wconf 86' lang='lat' dir='ltr'>Amen</span> <span class='ocrx_word' id='word_1_421' title='bbox 801 2990 886 3030; x_wconf 88' lang='lat' dir='ltr'>amen</span> <span class='ocrx_word' id='word_1_422' title='bbox 941 2971 1020 3038; x_wconf 90' lang='lat' dir='ltr'>runt,</span> <span class='ocrx_word' id='word_1_423' title='bbox 1038 2967 1109 3040; x_wconf 88' lang='lat' dir='ltr'>quia</span> <span class='ocrx_word' id='word_1_424' title='bbox 1122 2984 1222 3024; x_wconf 88' lang='lat' dir='ltr'>semen</span> <span class='ocrx_word' id='word_1_425' title='bbox 1237 2969 1359 3028; x_wconf 77' lang='lat' dir='ltr'>Abrahae</span> <span class='ocrx_word' id='word_1_426' title='bbox 1382 2975 1475 3030; x_wconf 88' lang='lat' dir='ltr'>eraut.</span> <span class='ocrx_word' id='word_1_427' title='bbox 1491 2971 1565 3037; x_wconf 87' lang='lat' dir='ltr'>Quid</span> <span class='ocrx_word' id='word_1_428' title='bbox 1590 2989 1657 3050; x_wconf 82' lang='lat' dir='ltr'>ergo</span> <span class='ocrx_word' id='word_1_429' title='bbox 1672 2973 1715 3032; x_wconf 83' lang='lat' dir='ltr'>eis</span> <span class='ocrx_word' id='word_1_430' title='bbox 1731 2976 1768 3034; x_wconf 87' lang='lat' dir='ltr'>ad</span> 
     </span>
     <span class='ocr_line' id='line_1_31' title="bbox 72 3055 1723 3143; baseline -0.011 -13"><span class='ocrx_word' id='word_1_431' title='bbox 72 3074 123 3130; x_wconf 88' lang='lat' dir='ltr'>dico</span> <span class='ocrx_word' id='word_1_432' title='bbox 135 3072 226 3139; x_wconf 77' lang='lat' dir='ltr'>vobis,</span> <span class='ocrx_word' id='word_1_433' title='bbox 245 3067 320 3143; x_wconf 87' lang='lat' dir='ltr'>quin</span> <span class='ocrx_word' id='word_1_434' title='bbox 341 3063 437 3124; x_wconf 89' lang='lat' dir='ltr'>omnis</span> <span class='ocrx_word' id='word_1_435' title='bbox 453 3062 503 3136; x_wconf 91' lang='lat' dir='ltr'>qui</span> <span class='ocrx_word' id='word_1_436' title='bbox 519 3061 587 3118; x_wconf 84' lang='lat' dir='ltr'>facit</span> <span class='ocrx_word' id='word_1_437' title='bbox 602 3064 764 3134; x_wconf 86' lang='lat' dir='ltr'>peceatum,</span> <span class='ocrx_word' id='word_1_438' title='bbox 785 3078 886 3118; x_wconf 81' lang='lat' dir='ltr'>servus</span> <span class='ocrx_word' id='word_1_439' title='bbox 941 3056 1001 3112; x_wconf 75' lang='lat' dir='ltr'>baec</span> <span class='ocrx_word' id='word_1_440' title='bbox 1018 3055 1166 3128; x_wconf 89' lang='lat' dir='ltr'>respondit</span> <span class='ocrx_word' id='word_1_441' title='bbox 1180 3056 1335 3126; x_wconf 88' lang='lat' dir='ltr'>Dominus,</span> <span class='ocrx_word' id='word_1_442' title='bbox 1352 3059 1525 3118; x_wconf 86' lang='lat' dir='ltr'>audiamus:</span> <span class='ocrx_word' id='word_1_443' title='bbox 1716 3119 1723 3131; x_wconf 53' lang='lat'>‚</span> 
     </span>
     <span class='ocr_line' id='line_1_32' title="bbox 71 3143 1767 3238; baseline -0.006 -20"><span class='ocrx_word' id='word_1_444' title='bbox 71 3167 107 3218; x_wconf 84' lang='lat' dir='ltr'>est</span> <span class='ocrx_word' id='word_1_445' title='bbox 117 3159 232 3238; x_wconf 86' lang='lat' dir='ltr'>peccati.</span> <span class='ocrx_word' id='word_1_446' title='bbox 247 3181 265 3209; x_wconf 70' lang='grc' dir='ltr'>ι)</span> <span class='ocrx_word' id='word_1_447' title='bbox 279 3151 490 3214; x_wconf 86' lang='lat' dir='ltr'>Omiserubilis</span> <span class='ocrx_word' id='word_1_448' title='bbox 500 3149 626 3208; x_wconf 86' lang='lat' dir='ltr'>servitus</span> <span class='ocrx_word' id='word_1_449' title='bbox 636 3148 744 3206; x_wconf 86' lang='lat' dir='ltr'>servire</span> <span class='ocrx_word' id='word_1_450' title='bbox 757 3154 884 3223; x_wconf 88' lang='lat' dir='ltr'>peccato,</span> <span class='ocrx_word' id='word_1_451' title='bbox 977 3169 990 3194; x_wconf 93' lang='lat'>«</span> <span class='ocrx_word' id='word_1_452' title='bbox 1006 3143 1082 3212; x_wconf 88' lang='lat' dir='ltr'>Scio,</span> <span class='ocrx_word' id='word_1_453' title='bbox 1098 3143 1203 3216; x_wconf 89' lang='lat' dir='ltr'>inquit,</span> <span class='ocrx_word' id='word_1_454' title='bbox 1221 3144 1290 3218; x_wconf 88' lang='lat' dir='ltr'>quia</span> <span class='ocrx_word' id='word_1_455' title='bbox 1306 3146 1356 3201; x_wconf 84' lang='lat' dir='ltr'>filii</span> <span class='ocrx_word' id='word_1_456' title='bbox 1367 3148 1489 3204; x_wconf 74' lang='lat' dir='ltr'>Abrahae</span> <span class='ocrx_word' id='word_1_457' title='bbox 1499 3149 1579 3217; x_wconf 87' lang='lat' dir='ltr'>estis,</span> <span class='ocrx_word' id='word_1_458' title='bbox 1599 3151 1650 3206; x_wconf 89' lang='lat' dir='ltr'>sed</span> <span class='ocrx_word' id='word_1_459' title='bbox 1662 3152 1767 3226; x_wconf 78' lang='lat' dir='ltr'>queri·</span> 
     </span>
     <span class='ocr_line' id='line_1_33' title="bbox 47 3217 1768 3318; baseline -0.013 -9"><span class='ocrx_word' id='word_1_460' title='bbox 47 3285 49 3290; x_wconf 68' lang='lat'>,</span> <span class='ocrx_word' id='word_1_461' title='bbox 71 3252 160 3308; x_wconf 76' lang='lat' dir='ltr'>servire</span> <span class='ocrx_word' id='word_1_462' title='bbox 168 3244 358 3318; x_wconf 91' lang='lat' dir='ltr'>diabolo,qui</span> <span class='ocrx_word' id='word_1_463' title='bbox 367 3241 477 3318; x_wconf 87' lang='lat' dir='ltr'>peccati</span> <span class='ocrx_word' id='word_1_464' title='bbox 487 3245 530 3298; x_wconf 84' lang='lat' dir='ltr'>ast</span> <span class='ocrx_word' id='word_1_465' title='bbox 538 3243 649 3297; x_wconf 89' lang='lat' dir='ltr'>auctor.</span> <span class='ocrx_word' id='word_1_466' title='bbox 660 3239 740 3311; x_wconf 76' lang='lat' dir='ltr'>Saepe</span> <span class='ocrx_word' id='word_1_467' title='bbox 751 3238 886 3296; x_wconf 88' lang='lat' dir='ltr'>homines</span> <span class='ocrx_word' id='word_1_468' title='bbox 902 3217 924 3287; x_wconf 85' lang='lat' dir='ltr'><strong>G</strong></span> <span class='ocrx_word' id='word_1_469' title='bbox 941 3256 955 3283; x_wconf 75' lang='lat' dir='ltr'>u</span> <span class='ocrx_word' id='word_1_470' title='bbox 973 3232 1010 3290; x_wconf 86' lang='lat' dir='ltr'>tis</span> <span class='ocrx_word' id='word_1_471' title='bbox 1026 3249 1072 3289; x_wconf 92' lang='lat' dir='ltr'>me</span> <span class='ocrx_word' id='word_1_472' title='bbox 1085 3232 1278 3289; x_wconf 83' lang='lat' dir='ltr'>interficere.»</span> <span class='ocrx_word' id='word_1_473' title='bbox 1288 3236 1420 3308; x_wconf 80' lang='lat' dir='ltr'>Agnosco</span> <span class='ocrx_word' id='word_1_474' title='bbox 1435 3238 1532 3294; x_wconf 87' lang='lat' dir='ltr'>carnis</span> <span class='ocrx_word' id='word_1_475' title='bbox 1543 3238 1696 3313; x_wconf 71' lang='lat' dir='ltr'>originem,</span> <span class='ocrx_word' id='word_1_476' title='bbox 1709 3257 1768 3298; x_wconf 72' lang='lat' dir='ltr'>non</span> 
     </span>
     <span class='ocr_line' id='line_1_34' title="bbox 71 3321 1768 3406; baseline -0.007 -8"><span class='ocrx_word' id='word_1_477' title='bbox 71 3340 150 3396; x_wconf 90' lang='lat' dir='ltr'>natos</span> <span class='ocrx_word' id='word_1_478' title='bbox 164 3337 305 3396; x_wconf 85' lang='lat' dir='ltr'>dominos</span> <span class='ocrx_word' id='word_1_479' title='bbox 322 3332 447 3406; x_wconf 80' lang='lat' dir='ltr'>lugiunt,</span> <span class='ocrx_word' id='word_1_480' title='bbox 464 3347 500 3386; x_wconf 93' lang='lat' dir='ltr'>ue</span> <span class='ocrx_word' id='word_1_481' title='bbox 516 3329 642 3386; x_wconf 81' lang='lat' dir='ltr'>serviant</span> <span class='ocrx_word' id='word_1_482' title='bbox 658 3325 756 3396; x_wconf 88' lang='lat' dir='ltr'>malis,</span> <span class='ocrx_word' id='word_1_483' title='bbox 779 3331 807 3384; x_wconf 92' lang='lat' dir='ltr'>et</span> <span class='ocrx_word' id='word_1_484' title='bbox 827 3345 885 3385; x_wconf 92' lang='lat' dir='ltr'>nou</span> <span class='ocrx_word' id='word_1_485' title='bbox 940 3322 1036 3379; x_wconf 88' lang='lat' dir='ltr'>cordis</span> <span class='ocrx_word' id='word_1_486' title='bbox 1052 3321 1137 3378; x_wconf 89' lang='lat' dir='ltr'>tidem</span> <span class='ocrx_word' id='word_1_487' title='bbox 1148 3339 1154 3378; x_wconf 91' lang='lat'>:</span> <span class='ocrx_word' id='word_1_488' title='bbox 1167 3321 1218 3377; x_wconf 80' lang='lat' dir='ltr'>filii</span> <span class='ocrx_word' id='word_1_489' title='bbox 1235 3323 1355 3379; x_wconf 69' lang='lat' dir='ltr'>Abrabae</span> <span class='ocrx_word' id='word_1_490' title='bbox 1370 3324 1452 3396; x_wconf 85' lang='lat' dir='ltr'>estis,</span> <span class='ocrx_word' id='word_1_491' title='bbox 1468 3326 1518 3382; x_wconf 86' lang='lat' dir='ltr'>sed</span> <span class='ocrx_word' id='word_1_492' title='bbox 1534 3327 1697 3386; x_wconf 88' lang='lat' dir='ltr'>secundum</span> <span class='ocrx_word' id='word_1_493' title='bbox 1708 3321 1768 3386; x_wconf 81' lang='lat' dir='ltr'>cer·</span> 
     </span>
     <span class='ocr_line' id='line_1_35' title="bbox 71 3410 1766 3504; baseline -0.015 -19"><span class='ocrx_word' id='word_1_494' title='bbox 71 3430 169 3504; x_wconf 76' lang='lat' dir='ltr'>tugiunt</span> <span class='ocrx_word' id='word_1_495' title='bbox 182 3427 342 3502; x_wconf 84' lang='lat' dir='ltr'>peccatum</span> <span class='ocrx_word' id='word_1_496' title='bbox 356 3419 363 3476; x_wconf 83' lang='lat' dir='ltr'>t</span> <span class='ocrx_word' id='word_1_497' title='bbox 376 3414 811 3490; x_wconf 80' lang='lat' dir='ltr'>Quantosaeiliusessetlugere</span> <span class='ocrx_word' id='word_1_498' title='bbox 822 3435 887 3491; x_wconf 89' lang='lat' dir='ltr'>pec·</span> <span class='ocrx_word' id='word_1_499' title='bbox 940 3427 1018 3475; x_wconf 88' lang='lat' dir='ltr'>nem,</span> <span class='ocrx_word' id='word_1_500' title='bbox 1043 3410 1108 3468; x_wconf 91' lang='lat' dir='ltr'>ideo</span> <span class='ocrx_word' id='word_1_501' title='bbox 1134 3410 1263 3484; x_wconf 75' lang='lat' dir='ltr'>queritis</span> <span class='ocrx_word' id='word_1_502' title='bbox 1289 3428 1334 3468; x_wconf 90' lang='lat' dir='ltr'>me</span> <span class='ocrx_word' id='word_1_503' title='bbox 1358 3413 1500 3471; x_wconf 90' lang='lat' dir='ltr'>occidere.</span> <span class='ocrx_word' id='word_1_504' title='bbox 1527 3436 1541 3467; x_wconf 80' lang='lat' dir='ltr'>a</span> <span class='ocrx_word' id='word_1_505' title='bbox 1557 3417 1659 3486; x_wconf 67' lang='lat' dir='ltr'>Sermo</span> <span class='ocrx_word' id='word_1_506' title='bbox 1688 3417 1766 3476; x_wconf 59' lang='lat' dir='ltr'>enim</span> 
     </span>
     <span class='ocr_line' id='line_1_36' title="bbox 71 3499 1768 3584; baseline -0.005 -12"><span class='ocrx_word' id='word_1_507' title='bbox 71 3525 162 3584; x_wconf 86' lang='lat' dir='ltr'>catum,</span> <span class='ocrx_word' id='word_1_508' title='bbox 173 3522 202 3574; x_wconf 88' lang='lat' dir='ltr'>et</span> <span class='ocrx_word' id='word_1_509' title='bbox 212 3513 325 3573; x_wconf 73' lang='lat' dir='ltr'>servire</span> <span class='ocrx_word' id='word_1_510' title='bbox 335 3507 448 3566; x_wconf 91' lang='lat' dir='ltr'>homini</span> <span class='ocrx_word' id='word_1_511' title='bbox 459 3507 551 3564; x_wconf 86' lang='lat' dir='ltr'>libera</span> <span class='ocrx_word' id='word_1_512' title='bbox 567 3505 744 3562; x_wconf 85' lang='lat' dir='ltr'>conscientia</span> <span class='ocrx_word' id='word_1_513' title='bbox 757 3503 763 3560; x_wconf 86' lang='lat' dir='ltr'>t</span> <span class='ocrx_word' id='word_1_514' title='bbox 776 3505 886 3563; x_wconf 87' lang='lat' dir='ltr'>Deinde</span> <span class='ocrx_word' id='word_1_515' title='bbox 942 3523 953 3550; x_wconf 70' lang='grc' dir='ltr'>ι</span> <span class='ocrx_word' id='word_1_516' title='bbox 970 3517 1054 3556; x_wconf 85' lang='lat' dir='ltr'>meus</span> <span class='ocrx_word' id='word_1_517' title='bbox 1064 3499 1183 3572; x_wconf 87' lang='lat' dir='ltr'>(inquit)</span> <span class='ocrx_word' id='word_1_518' title='bbox 1192 3517 1249 3554; x_wconf 91' lang='lat' dir='ltr'>non</span> <span class='ocrx_word' id='word_1_519' title='bbox 1262 3501 1340 3574; x_wconf 88' lang='lat' dir='ltr'>capit</span> <span class='ocrx_word' id='word_1_520' title='bbox 1351 3501 1379 3556; x_wconf 90' lang='lat' dir='ltr'>in</span> <span class='ocrx_word' id='word_1_521' title='bbox 1389 3502 1502 3572; x_wconf 63' lang='lat' dir='ltr'>vobis»</span> <span class='ocrx_word' id='word_1_522' title='bbox 1518 3503 1545 3560; x_wconf 92' lang='lat' dir='ltr'>id</span> <span class='ocrx_word' id='word_1_523' title='bbox 1557 3507 1601 3560; x_wconf 91' lang='lat' dir='ltr'>est</span> <span class='ocrx_word' id='word_1_524' title='bbox 1611 3521 1667 3560; x_wconf 90' lang='lat' dir='ltr'>nou</span> <span class='ocrx_word' id='word_1_525' title='bbox 1679 3503 1768 3564; x_wconf 84' lang='lat' dir='ltr'>habet</span> 
     </span>
     <span class='ocr_line' id='line_1_37' title="bbox 70 3588 1767 3672; baseline -0.006 -10"><span class='ocrx_word' id='word_1_526' title='bbox 70 3624 154 3664; x_wconf 76' lang='lat' dir='ltr'>sarim</span> <span class='ocrx_word' id='word_1_527' title='bbox 169 3601 305 3663; x_wconf 85' lang='lat' dir='ltr'>bominis</span> <span class='ocrx_word' id='word_1_528' title='bbox 316 3597 475 3672; x_wconf 87' lang='lat' dir='ltr'>aliquando</span> <span class='ocrx_word' id='word_1_529' title='bbox 491 3595 536 3652; x_wconf 89' lang='lat' dir='ltr'>aui</span> <span class='ocrx_word' id='word_1_530' title='bbox 548 3593 658 3652; x_wconf 86' lang='lat' dir='ltr'>domiui</span> <span class='ocrx_word' id='word_1_531' title='bbox 671 3593 803 3666; x_wconf 89' lang='lat' dir='ltr'>imperiis</span> <span class='ocrx_word' id='word_1_532' title='bbox 820 3594 884 3650; x_wconf 88' lang='lat' dir='ltr'>lati·</span> <span class='ocrx_word' id='word_1_533' title='bbox 939 3588 1037 3644; x_wconf 92' lang='lat' dir='ltr'>locum</span> <span class='ocrx_word' id='word_1_534' title='bbox 1053 3588 1081 3644; x_wconf 93' lang='lat' dir='ltr'>in</span> <span class='ocrx_word' id='word_1_535' title='bbox 1098 3589 1190 3644; x_wconf 88' lang='lat' dir='ltr'>vobis.</span> <span class='ocrx_word' id='word_1_536' title='bbox 1208 3588 1237 3644; x_wconf 91' lang='lat' dir='ltr'>Si</span> <span class='ocrx_word' id='word_1_537' title='bbox 1262 3607 1358 3646; x_wconf 86' lang='lat' dir='ltr'>sermo</span> <span class='ocrx_word' id='word_1_538' title='bbox 1377 3607 1462 3648; x_wconf 88' lang='lat' dir='ltr'>meus</span> <span class='ocrx_word' id='word_1_539' title='bbox 1477 3598 1629 3666; x_wconf 83' lang='lat' dir='ltr'>caperetur·</span> <span class='ocrx_word' id='word_1_540' title='bbox 1642 3611 1659 3650; x_wconf 90' lang='lat' dir='ltr'>a</span> <span class='ocrx_word' id='word_1_541' title='bbox 1672 3595 1767 3664; x_wconf 80' lang='lat' dir='ltr'>vobis,</span> 
     </span>
     <span class='ocr_line' id='line_1_38' title="bbox 71 3678 1768 3768; baseline -0.006 -16"><span class='ocrx_word' id='word_1_542' title='bbox 71 3699 150 3767; x_wconf 76' lang='lat' dir='ltr'>gatus,</span> <span class='ocrx_word' id='word_1_543' title='bbox 166 3691 309 3768; x_wconf 77' lang='lat' dir='ltr'>fugiendo</span> <span class='ocrx_word' id='word_1_544' title='bbox 325 3686 499 3762; x_wconf 90' lang='lat' dir='ltr'>requiescit:</span> <span class='ocrx_word' id='word_1_545' title='bbox 526 3701 628 3740; x_wconf 88' lang='lat' dir='ltr'>servus</span> <span class='ocrx_word' id='word_1_546' title='bbox 653 3686 752 3739; x_wconf 87' lang='lat' dir='ltr'>autem</span> <span class='ocrx_word' id='word_1_547' title='bbox 776 3684 886 3754; x_wconf 86' lang='lat' dir='ltr'>peccati</span> <span class='ocrx_word' id='word_1_548' title='bbox 940 3678 1165 3750; x_wconf 88' lang='lat' dir='ltr'>caperetutique</span> <span class='ocrx_word' id='word_1_549' title='bbox 1176 3694 1225 3734; x_wconf 85' lang='lat' dir='ltr'>vos</span> <span class='ocrx_word' id='word_1_550' title='bbox 1246 3678 1373 3743; x_wconf 88' lang='lat' dir='ltr'>Quidost</span> <span class='ocrx_word' id='word_1_551' title='bbox 1384 3697 1462 3754; x_wconf 89' lang='lat' dir='ltr'>ergo,</span> <span class='ocrx_word' id='word_1_552' title='bbox 1474 3681 1768 3754; x_wconf 80' lang='lat' dir='ltr'>nuncapitinvobist</span> 
     </span>
     <span class='ocr_line' id='line_1_39' title="bbox 70 3765 1767 3858; baseline -0.008 -19"><span class='ocrx_word' id='word_1_553' title='bbox 70 3800 116 3856; x_wconf 92' lang='lat' dir='ltr'>quo</span> <span class='ocrx_word' id='word_1_554' title='bbox 127 3782 232 3858; x_wconf 80' lang='lat' dir='ltr'>logici?</span> <span class='ocrx_word' id='word_1_555' title='bbox 243 3781 353 3836; x_wconf 85' lang='lat' dir='ltr'>Secum</span> <span class='ocrx_word' id='word_1_556' title='bbox 363 3775 442 3833; x_wconf 87' lang='lat' dir='ltr'>enim</span> <span class='ocrx_word' id='word_1_557' title='bbox 453 3771 883 3842; x_wconf 82' lang='lat' dir='ltr'>retrahitviudoxconscientia;</span> <span class='ocrx_word' id='word_1_558' title='bbox 940 3765 969 3822; x_wconf 91' lang='lat' dir='ltr'>id</span> <span class='ocrx_word' id='word_1_559' title='bbox 986 3770 1040 3836; x_wconf 89' lang='lat' dir='ltr'>est,</span> <span class='ocrx_word' id='word_1_560' title='bbox 1053 3783 1110 3822; x_wconf 91' lang='lat' dir='ltr'>nun</span> <span class='ocrx_word' id='word_1_561' title='bbox 1125 3767 1201 3838; x_wconf 87' lang='lat' dir='ltr'>cepit</span> <span class='ocrx_word' id='word_1_562' title='bbox 1217 3783 1264 3823; x_wconf 90' lang='lat' dir='ltr'>cor</span> <span class='ocrx_word' id='word_1_563' title='bbox 1280 3773 1421 3837; x_wconf 80' lang='lat' dir='ltr'>vestrum,</span> <span class='ocrx_word' id='word_1_564' title='bbox 1438 3770 1580 3842; x_wconf 88' lang='lat' dir='ltr'>quianon</span> <span class='ocrx_word' id='word_1_565' title='bbox 1596 3772 1736 3845; x_wconf 87' lang='lat' dir='ltr'>recipitur</span> <span class='ocrx_word' id='word_1_566' title='bbox 1750 3791 1767 3831; x_wconf 78' lang='lat' dir='ltr'><strong>a</strong></span> 
     </span>
     <span class='ocr_line' id='line_1_40' title="bbox 71 3855 1765 3945; baseline -0.004 -19"><span class='ocrx_word' id='word_1_567' title='bbox 71 3888 228 3945; x_wconf 88' lang='lat' dir='ltr'>quocunque</span> <span class='ocrx_word' id='word_1_568' title='bbox 245 3864 366 3942; x_wconf 80' lang='lat' dir='ltr'>sugerit,</span> <span class='ocrx_word' id='word_1_569' title='bbox 383 3881 440 3922; x_wconf 90' lang='lat' dir='ltr'>nun</span> <span class='ocrx_word' id='word_1_570' title='bbox 452 3861 536 3937; x_wconf 79' lang='lat' dir='ltr'>sugit,</span> <span class='ocrx_word' id='word_1_571' title='bbox 548 3860 598 3918; x_wconf 87' lang='lat' dir='ltr'>sad</span> <span class='ocrx_word' id='word_1_572' title='bbox 610 3859 709 3935; x_wconf 87' lang='lat' dir='ltr'>ipsum</span> <span class='ocrx_word' id='word_1_573' title='bbox 724 3860 800 3916; x_wconf 89' lang='lat' dir='ltr'>malo</span> <span class='ocrx_word' id='word_1_574' title='bbox 816 3878 886 3917; x_wconf 85' lang='lat' dir='ltr'>con·</span> <span class='ocrx_word' id='word_1_575' title='bbox 940 3856 1024 3912; x_wconf 90' lang='lat' dir='ltr'>corde</span> <span class='ocrx_word' id='word_1_576' title='bbox 1038 3861 1145 3910; x_wconf 82' lang='lat' dir='ltr'>vestro.</span> <span class='ocrx_word' id='word_1_577' title='bbox 1170 3855 1301 3912; x_wconf 79' lang='lat' dir='ltr'>Audistis</span> <span class='ocrx_word' id='word_1_578' title='bbox 1326 3859 1404 3914; x_wconf 89' lang='lat' dir='ltr'>certe</span> <span class='ocrx_word' id='word_1_579' title='bbox 1428 3858 1585 3917; x_wconf 88' lang='lat' dir='ltr'>Dominum</span> <span class='ocrx_word' id='word_1_580' title='bbox 1601 3859 1765 3919; x_wconf 87' lang='lat' dir='ltr'>dicentem:</span> 
     </span>
     <span class='ocr_line' id='line_1_41' title="bbox 71 3943 1767 4032; baseline -0.017 -16"><span class='ocrx_word' id='word_1_581' title='bbox 71 3961 176 4018; x_wconf 87' lang='lat' dir='ltr'>scientia</span> <span class='ocrx_word' id='word_1_582' title='bbox 190 3956 340 4032; x_wconf 84' lang='lat' dir='ltr'>sequitur,</span> <span class='ocrx_word' id='word_1_583' title='bbox 358 3953 417 4010; x_wconf 89' lang='lat' dir='ltr'>imo</span> <span class='ocrx_word' id='word_1_584' title='bbox 434 3969 491 4009; x_wconf 89' lang='lat' dir='ltr'>non</span> <span class='ocrx_word' id='word_1_585' title='bbox 507 3949 615 4008; x_wconf 91' lang='lat' dir='ltr'>recedit</span> <span class='ocrx_word' id='word_1_586' title='bbox 635 3966 707 4017; x_wconf 88' lang='lat' dir='ltr'>ase,</span> <span class='ocrx_word' id='word_1_587' title='bbox 733 3954 885 4022; x_wconf 89' lang='lat' dir='ltr'>peccatum</span> <span class='ocrx_word' id='word_1_588' title='bbox 941 3968 954 3994; x_wconf 75' lang='lat' dir='ltr'>u</span> <span class='ocrx_word' id='word_1_589' title='bbox 972 3943 1122 4018; x_wconf 78' lang='lat' dir='ltr'>Scio&#39;quia</span> <span class='ocrx_word' id='word_1_590' title='bbox 1136 3943 1187 4000; x_wconf 89' lang='lat' dir='ltr'>tilii</span> <span class='ocrx_word' id='word_1_591' title='bbox 1202 3945 1324 4001; x_wconf 78' lang='lat' dir='ltr'>Abrahae</span> <span class='ocrx_word' id='word_1_592' title='bbox 1340 3946 1421 4017; x_wconf 86' lang='lat' dir='ltr'>estis,</span> <span class='ocrx_word' id='word_1_593' title='bbox 1439 3969 1452 3998; x_wconf 75' lang='lat' dir='ltr'>a</span> <span class='ocrx_word' id='word_1_594' title='bbox 1469 3947 1567 4006; x_wconf 66' lang='lat' dir='ltr'>audite</span> <span class='ocrx_word' id='word_1_595' title='bbox 1583 3948 1653 4024; x_wconf 71' lang='lat' dir='ltr'>quid</span> <span class='ocrx_word' id='word_1_596' title='bbox 1666 3953 1767 4023; x_wconf 59' lang='lat'>905103</span> 
     </span>
     <span class='ocr_line' id='line_1_42' title="bbox 71 4033 1035 4123; baseline -0.019 -19"><span class='ocrx_word' id='word_1_597' title='bbox 71 4049 133 4106; x_wconf 83' lang='lat' dir='ltr'>euim</span> <span class='ocrx_word' id='word_1_598' title='bbox 143 4049 218 4123; x_wconf 88' lang='lat' dir='ltr'>qued</span> <span class='ocrx_word' id='word_1_599' title='bbox 230 4043 391 4103; x_wconf 86' lang='lat' dir='ltr'>iecitiutus</span> <span class='ocrx_word' id='word_1_600' title='bbox 401 4043 454 4098; x_wconf 91' lang='lat' dir='ltr'>est.</span> <span class='ocrx_word' id='word_1_601' title='bbox 464 4039 701 4112; x_wconf 84' lang='lat' dir='ltr'>Fecitpeecalum</span> <span class='ocrx_word' id='word_1_602' title='bbox 714 4041 745 4093; x_wconf 92' lang='lat' dir='ltr'>ut</span> <span class='ocrx_word' id='word_1_603' title='bbox 754 4035 885 4112; x_wconf 90' lang='lat' dir='ltr'>aliquam</span> <span class='ocrx_word' id='word_1_604' title='bbox 941 4033 1035 4088; x_wconf 88' lang='lat' dir='ltr'>dicat:</span> 
     </span>
     <span class='ocr_line' id='line_1_43' title="bbox 72 4121 1768 4210; baseline -0.008 -18"><span class='ocrx_word' id='word_1_605' title='bbox 72 4137 233 4210; x_wconf 75' lang='lat' dir='ltr'>corporalem</span> <span class='ocrx_word' id='word_1_606' title='bbox 261 4135 380 4206; x_wconf 86' lang='lat' dir='ltr'>caperet</span> <span class='ocrx_word' id='word_1_607' title='bbox 392 4128 591 4202; x_wconf 87' lang='lat' dir='ltr'>voluptatem:</span> <span class='ocrx_word' id='word_1_608' title='bbox 617 4125 752 4199; x_wconf 75' lang='lat' dir='ltr'>voluptas</span> <span class='ocrx_word' id='word_1_609' title='bbox 769 4127 884 4198; x_wconf 85' lang='lat' dir='ltr'>transit,</span> <span class='ocrx_word' id='word_1_610' title='bbox 976 4145 989 4172; x_wconf 93' lang='lat'>«</span> <span class='ocrx_word' id='word_1_611' title='bbox 1006 4121 1152 4194; x_wconf 77' lang='lat' dir='ltr'>egoquou</span> <span class='ocrx_word' id='word_1_612' title='bbox 1168 4121 1225 4176; x_wconf 81' lang='lat' dir='ltr'>vidi</span> <span class='ocrx_word' id='word_1_613' title='bbox 1237 4123 1314 4196; x_wconf 88' lang='lat' dir='ltr'>apud</span> <span class='ocrx_word' id='word_1_614' title='bbox 1333 4123 1447 4182; x_wconf 86' lang='lat' dir='ltr'>Patrem</span> <span class='ocrx_word' id='word_1_615' title='bbox 1470 4142 1579 4195; x_wconf 91' lang='lat' dir='ltr'>meum,</span> <span class='ocrx_word' id='word_1_616' title='bbox 1591 4125 1711 4200; x_wconf 89' lang='lat' dir='ltr'>loquor:</span> <span class='ocrx_word' id='word_1_617' title='bbox 1738 4133 1768 4185; x_wconf 78' lang='lat' dir='ltr'>at</span> 
     </span>
     <span class='ocr_line' id='line_1_44' title="bbox 72 4202 1846 4296; baseline -0.011 -10"><span class='ocrx_word' id='word_1_618' title='bbox 72 4231 203 4296; x_wconf 79' lang='lat' dir='ltr'>peccatum</span> <span class='ocrx_word' id='word_1_619' title='bbox 220 4215 569 4294; x_wconf 83' lang='lat' dir='ltr'>manet:praetcritquod</span> <span class='ocrx_word' id='word_1_620' title='bbox 581 4215 753 4285; x_wconf 88' lang='lat' dir='ltr'>delectabat,</span> <span class='ocrx_word' id='word_1_621' title='bbox 771 4233 884 4272; x_wconf 88' lang='lat' dir='ltr'>remen·</span> <span class='ocrx_word' id='word_1_622' title='bbox 941 4227 1031 4280; x_wconf 78' lang='lat' dir='ltr'>«vos,</span> <span class='ocrx_word' id='word_1_623' title='bbox 1049 4210 1764 4286; x_wconf 73' lang='lat' dir='ltr'>quodvidistisupudpatremvestrum,lacitis.s</span> <span class='ocrx_word' id='word_1_624' title='bbox 1841 4202 1846 4212; x_wconf 79' lang='grc'><em>’</em></span> 
     </span>
     <span class='ocr_line' id='line_1_45' title="bbox 72 4299 1767 4388; baseline -0.006 -21"><span class='ocrx_word' id='word_1_625' title='bbox 72 4313 102 4368; x_wconf 88' lang='lat' dir='ltr'>sit</span> <span class='ocrx_word' id='word_1_626' title='bbox 114 4316 183 4388; x_wconf 91' lang='lat' dir='ltr'>quod</span> <span class='ocrx_word' id='word_1_627' title='bbox 199 4315 316 4388; x_wconf 79' lang='lat' dir='ltr'>pugnat</span> <span class='ocrx_word' id='word_1_628' title='bbox 337 4308 415 4380; x_wconf 79' lang='lat' dir='ltr'>mala</span> <span class='ocrx_word' id='word_1_629' title='bbox 431 4306 565 4365; x_wconf 86' lang='lat' dir='ltr'>servitus.</span> <span class='ocrx_word' id='word_1_630' title='bbox 586 4303 752 4378; x_wconf 82' lang='lat' dir='ltr'>Aliquando</span> <span class='ocrx_word' id='word_1_631' title='bbox 767 4304 886 4378; x_wconf 85' lang='lat' dir='ltr'>lugiunt</span> <span class='ocrx_word' id='word_1_632' title='bbox 940 4299 1013 4367; x_wconf 84' lang='lat' dir='ltr'>Quid</span> <span class='ocrx_word' id='word_1_633' title='bbox 1030 4302 1128 4354; x_wconf 80' lang='lat' dir='ltr'>atatem</span> <span class='ocrx_word' id='word_1_634' title='bbox 1143 4299 1265 4366; x_wconf 83' lang='lat' dir='ltr'>iaciunt,</span> <span class='ocrx_word' id='word_1_635' title='bbox 1281 4304 1310 4355; x_wconf 92' lang='lat' dir='ltr'>ot</span> <span class='ocrx_word' id='word_1_636' title='bbox 1326 4300 1395 4372; x_wconf 92' lang='lat' dir='ltr'>quid</span> <span class='ocrx_word' id='word_1_637' title='bbox 1409 4301 1451 4356; x_wconf 91' lang='lat' dir='ltr'>eis</span> <span class='ocrx_word' id='word_1_638' title='bbox 1466 4301 1558 4357; x_wconf 82' lang='lat' dir='ltr'>dixit?</span> <span class='ocrx_word' id='word_1_639' title='bbox 1573 4300 1703 4374; x_wconf 78' lang='lat' dir='ltr'>quaeritis</span> <span class='ocrx_word' id='word_1_640' title='bbox 1719 4321 1767 4361; x_wconf 90' lang='lat' dir='ltr'>me</span> 
     </span>
     <span class='ocr_line' id='line_1_46' title="bbox 71 4385 1792 4474; baseline -0.006 -17"><span class='ocrx_word' id='word_1_641' title='bbox 71 4401 188 4460; x_wconf 80' lang='lat' dir='ltr'>hemines</span> <span class='ocrx_word' id='word_1_642' title='bbox 206 4401 360 4474; x_wconf 88' lang='lat' dir='ltr'>improbos</span> <span class='ocrx_word' id='word_1_643' title='bbox 379 4395 525 4464; x_wconf 88' lang='lat' dir='ltr'>dominos,</span> <span class='ocrx_word' id='word_1_644' title='bbox 547 4393 685 4466; x_wconf 81' lang='lat' dir='ltr'>fugiendo</span> <span class='ocrx_word' id='word_1_645' title='bbox 700 4391 886 4465; x_wconf 83' lang='lat' dir='ltr'>quiescente</span> <span class='ocrx_word' id='word_1_646' title='bbox 939 4387 1088 4466; x_wconf 87' lang='lat' dir='ltr'>occidero;</span> <span class='ocrx_word' id='word_1_647' title='bbox 1105 4385 1160 4442; x_wconf 88' lang='lat' dir='ltr'>boo</span> <span class='ocrx_word' id='word_1_648' title='bbox 1180 4387 1255 4459; x_wconf 86' lang='lat' dir='ltr'>epud</span> <span class='ocrx_word' id='word_1_649' title='bbox 1281 4388 1429 4444; x_wconf 80' lang='lat' dir='ltr'>Abraham</span> <span class='ocrx_word' id='word_1_650' title='bbox 1451 4406 1604 4462; x_wconf 90' lang='lat' dir='ltr'>nunquam</span> <span class='ocrx_word' id='word_1_651' title='bbox 1618 4389 1764 4448; x_wconf 87' lang='lat' dir='ltr'>viderunt.</span> <span class='ocrx_word' id='word_1_652' title='bbox 1789 4406 1792 4412; x_wconf 91' lang='grc'>·</span> 
     </span>
     <span class='ocr_line' id='line_1_47' title="bbox 72 4475 1767 4560; baseline -0.012 -14"><span class='ocrx_word' id='word_1_653' title='bbox 72 4493 201 4560; x_wconf 78' lang='lat' dir='ltr'>seuitute,</span> <span class='ocrx_word' id='word_1_654' title='bbox 218 4491 271 4550; x_wconf 84' lang='lat' dir='ltr'>sed</span> <span class='ocrx_word' id='word_1_655' title='bbox 293 4485 440 4560; x_wconf 90' lang='lat' dir='ltr'>quomodo</span> <span class='ocrx_word' id='word_1_656' title='bbox 455 4483 497 4539; x_wconf 94' lang='lat' dir='ltr'>llli</span> <span class='ocrx_word' id='word_1_657' title='bbox 515 4481 653 4539; x_wconf 89' lang='lat' dir='ltr'>servitute</span> <span class='ocrx_word' id='word_1_658' title='bbox 668 4482 817 4550; x_wconf 88' lang='lat' dir='ltr'>carebunt,</span> <span class='ocrx_word' id='word_1_659' title='bbox 835 4483 885 4556; x_wconf 90' lang='lat' dir='ltr'>qui</span> <span class='ocrx_word' id='word_1_660' title='bbox 938 4475 1030 4534; x_wconf 86' lang='lat' dir='ltr'>Dixit:</span> <span class='ocrx_word' id='word_1_661' title='bbox 1044 4493 1128 4548; x_wconf 79' lang='lat' dir='ltr'>«qum</span> <span class='ocrx_word' id='word_1_662' title='bbox 1138 4475 1196 4530; x_wconf 77' lang='lat' dir='ltr'>virli</span> <span class='ocrx_word' id='word_1_663' title='bbox 1206 4475 1283 4548; x_wconf 86' lang='lat' dir='ltr'>apud</span> <span class='ocrx_word' id='word_1_664' title='bbox 1295 4475 1408 4534; x_wconf 87' lang='lat' dir='ltr'>Putrem</span> <span class='ocrx_word' id='word_1_665' title='bbox 1419 4494 1517 4534; x_wconf 90' lang='lat' dir='ltr'>meum</span> <span class='ocrx_word' id='word_1_666' title='bbox 1529 4477 1632 4550; x_wconf 87' lang='lat' dir='ltr'>loquor</span> <span class='ocrx_word' id='word_1_667' title='bbox 1644 4479 1767 4539; x_wconf 55' lang='lat' dir='ltr'>«verim.</span> 
     </span>
     <span class='ocr_line' id='line_1_48' title="bbox 72 4563 1766 4660; baseline -0.005 -26"><span class='ocrx_word' id='word_1_668' title='bbox 72 4580 159 4637; x_wconf 89' lang='lat' dir='ltr'>uolunt</span> <span class='ocrx_word' id='word_1_669' title='bbox 171 4597 272 4638; x_wconf 88' lang='lat' dir='ltr'>carcre</span> <span class='ocrx_word' id='word_1_670' title='bbox 296 4574 445 4650; x_wconf 86' lang='lat' dir='ltr'>peccatis?</span> <span class='ocrx_word' id='word_1_671' title='bbox 460 4575 573 4640; x_wconf 86' lang='lat' dir='ltr'>Quanto</span> <span class='ocrx_word' id='word_1_672' title='bbox 590 4568 703 4626; x_wconf 74' lang='lat' dir='ltr'>Facilius</span> <span class='ocrx_word' id='word_1_673' title='bbox 718 4574 773 4638; x_wconf 86' lang='lat' dir='ltr'>cst,</span> <span class='ocrx_word' id='word_1_674' title='bbox 792 4570 814 4626; x_wconf 89' lang='lat' dir='ltr'>si</span> <span class='ocrx_word' id='word_1_675' title='bbox 832 4572 879 4628; x_wconf 87' lang='lat' dir='ltr'>dc</span> <span class='ocrx_word' id='word_1_676' title='bbox 900 4593 922 4660; x_wconf 65' lang='lat' dir='ltr'>D</span> <span class='ocrx_word' id='word_1_677' title='bbox 938 4571 996 4622; x_wconf 85' lang='lat' dir='ltr'>tem</span> <span class='ocrx_word' id='word_1_678' title='bbox 1006 4565 1075 4633; x_wconf 65' lang='lat' dir='ltr'>virli,</span> <span class='ocrx_word' id='word_1_679' title='bbox 1086 4565 1234 4621; x_wconf 76' lang='lat' dir='ltr'>veritatem</span> <span class='ocrx_word' id='word_1_680' title='bbox 1244 4563 1357 4637; x_wconf 91' lang='lat' dir='ltr'>loquor,</span> <span class='ocrx_word' id='word_1_681' title='bbox 1367 4565 1550 4638; x_wconf 83' lang='lat' dir='ltr'>quieveritas</span> <span class='ocrx_word' id='word_1_682' title='bbox 1562 4567 1676 4624; x_wconf 85' lang='lat' dir='ltr'>sum.Si</span> <span class='ocrx_word' id='word_1_683' title='bbox 1687 4568 1766 4626; x_wconf 89' lang='lat' dir='ltr'>enim</span> 
     </span>
     <span class='ocr_line' id='line_1_49' title="bbox 73 4653 1767 4740; baseline -0.008 -19"><span class='ocrx_word' id='word_1_684' title='bbox 73 4674 136 4724; x_wconf 86' lang='lat' dir='ltr'>serat</span> <span class='ocrx_word' id='word_1_685' title='bbox 147 4669 235 4726; x_wconf 90' lang='lat' dir='ltr'>homo</span> <span class='ocrx_word' id='word_1_686' title='bbox 250 4669 416 4740; x_wconf 85' lang='lat' dir='ltr'>peccatum,</span> <span class='ocrx_word' id='word_1_687' title='bbox 434 4660 586 4736; x_wconf 80' lang='lat' dir='ltr'>fugiatque</span> <span class='ocrx_word' id='word_1_688' title='bbox 600 4660 640 4716; x_wconf 85' lang='lat' dir='ltr'>ad</span> <span class='ocrx_word' id='word_1_689' title='bbox 647 4657 794 4714; x_wconf 83' lang='lat' dir='ltr'>Christum</span> <span class='ocrx_word' id='word_1_690' title='bbox 810 4676 883 4716; x_wconf 78' lang='lat' dir='ltr'>i&#39;erae</span> <span class='ocrx_word' id='word_1_691' title='bbox 939 4653 1081 4711; x_wconf 87' lang='lat' dir='ltr'>Dominus</span> <span class='ocrx_word' id='word_1_692' title='bbox 1098 4653 1247 4710; x_wconf 79' lang='lat' dir='ltr'>veritatem</span> <span class='ocrx_word' id='word_1_693' title='bbox 1275 4654 1414 4726; x_wconf 90' lang='lat' dir='ltr'>loquitur,</span> <span class='ocrx_word' id='word_1_694' title='bbox 1432 4654 1501 4728; x_wconf 90' lang='lat' dir='ltr'>quia</span> <span class='ocrx_word' id='word_1_695' title='bbox 1515 4655 1577 4729; x_wconf 91' lang='lat' dir='ltr'>ipse</span> <span class='ocrx_word' id='word_1_696' title='bbox 1592 4660 1637 4714; x_wconf 88' lang='lat' dir='ltr'>est</span> <span class='ocrx_word' id='word_1_697' title='bbox 1660 4657 1767 4716; x_wconf 75' lang='lat' dir='ltr'>veritas</span> 
     </span>
     <span class='ocr_line' id='line_1_50' title="bbox 72 4742 1767 4826; baseline -0.005 -16"><span class='ocrx_word' id='word_1_698' title='bbox 72 4753 197 4814; x_wconf 89' lang='lat' dir='ltr'>libertatis</span> <span class='ocrx_word' id='word_1_699' title='bbox 208 4755 356 4815; x_wconf 88' lang='lat' dir='ltr'>vindicem</span> <span class='ocrx_word' id='word_1_700' title='bbox 365 4757 453 4826; x_wconf 91' lang='lat' dir='ltr'>atque</span> <span class='ocrx_word' id='word_1_701' title='bbox 463 4754 609 4807; x_wconf 87' lang='lat' dir='ltr'>auctorem</span> <span class='ocrx_word' id='word_1_702' title='bbox 620 4747 626 4804; x_wconf 86' lang='lat' dir='ltr'>l</span> <span class='ocrx_word' id='word_1_703' title='bbox 637 4746 835 4804; x_wconf 79' lang='lat' dir='ltr'>biberatenim</span> <span class='ocrx_word' id='word_1_704' title='bbox 848 4750 884 4806; x_wconf 92' lang='lat' dir='ltr'>ab</span> <span class='ocrx_word' id='word_1_705' title='bbox 940 4743 1017 4800; x_wconf 86' lang='lat' dir='ltr'>Patri</span> <span class='ocrx_word' id='word_1_706' title='bbox 1022 4761 1045 4806; x_wconf 84' lang='lat' dir='ltr'>s.</span> <span class='ocrx_word' id='word_1_707' title='bbox 1058 4759 1146 4815; x_wconf 89' lang='lat' dir='ltr'>quam</span> <span class='ocrx_word' id='word_1_708' title='bbox 1158 4742 1230 4798; x_wconf 86' lang='lat' dir='ltr'>vidit</span> <span class='ocrx_word' id='word_1_709' title='bbox 1240 4743 1317 4815; x_wconf 87' lang='lat' dir='ltr'>apud</span> <span class='ocrx_word' id='word_1_710' title='bbox 1328 4743 1452 4812; x_wconf 87' lang='lat' dir='ltr'>Patrem,</span> <span class='ocrx_word' id='word_1_711' title='bbox 1463 4761 1552 4817; x_wconf 87' lang='lat' dir='ltr'>seque</span> <span class='ocrx_word' id='word_1_712' title='bbox 1560 4742 1767 4819; x_wconf 88' lang='lat' dir='ltr'>vidisssloqui·</span> 
     </span>
     <span class='ocr_line' id='line_1_51' title="bbox 73 4832 1767 4918; baseline -0.009 -15"><span class='ocrx_word' id='word_1_713' title='bbox 73 4841 116 4902; x_wconf 85' lang='lat' dir='ltr'>hec</span> <span class='ocrx_word' id='word_1_714' title='bbox 129 4848 264 4904; x_wconf 74' lang='lat' dir='ltr'>sanitate</span> <span class='ocrx_word' id='word_1_715' title='bbox 280 4842 390 4918; x_wconf 82' lang='lat' dir='ltr'>peccab&#39;</span> <span class='ocrx_word' id='word_1_716' title='bbox 405 4840 485 4899; x_wconf 89' lang='lat' dir='ltr'>solus</span> <span class='ocrx_word' id='word_1_717' title='bbox 507 4837 662 4906; x_wconf 87' lang='lat' dir='ltr'>Dominus,</span> <span class='ocrx_word' id='word_1_718' title='bbox 687 4835 736 4909; x_wconf 93' lang='lat' dir='ltr'>qui</span> <span class='ocrx_word' id='word_1_719' title='bbox 761 4835 811 4892; x_wconf 89' lang='lat' dir='ltr'>illa</span> <span class='ocrx_word' id='word_1_720' title='bbox 827 4855 884 4894; x_wconf 91' lang='lat' dir='ltr'>non</span> <span class='ocrx_word' id='word_1_721' title='bbox 938 4837 998 4899; x_wconf 89' lang='lat' dir='ltr'>tur,</span> <span class='ocrx_word' id='word_1_722' title='bbox 1023 4832 1085 4906; x_wconf 88' lang='lat' dir='ltr'>ipsc</span> <span class='ocrx_word' id='word_1_723' title='bbox 1109 4832 1188 4888; x_wconf 87' lang='lat' dir='ltr'>enim</span> <span class='ocrx_word' id='word_1_724' title='bbox 1212 4832 1340 4889; x_wconf 90' lang='lat' dir='ltr'>Verbum</span> <span class='ocrx_word' id='word_1_725' title='bbox 1363 4833 1440 4905; x_wconf 89' lang='lat' dir='ltr'>quod</span> <span class='ocrx_word' id='word_1_726' title='bbox 1457 4832 1584 4895; x_wconf 89' lang='lat' dir='ltr'>Verbum</span> <span class='ocrx_word' id='word_1_727' title='bbox 1611 4835 1767 4908; x_wconf 88' lang='lat' dir='ltr'>eratapud</span> 
     </span>
     <span class='ocr_line' id='line_1_52' title="bbox 72 4919 1767 5004; baseline -0.005 -17"><span class='ocrx_word' id='word_1_728' title='bbox 72 4930 168 4991; x_wconf 86' lang='lat' dir='ltr'>habuit.</span> <span class='ocrx_word' id='word_1_729' title='bbox 179 4935 233 5000; x_wconf 84' lang='lat' dir='ltr'>Qui</span> <span class='ocrx_word' id='word_1_730' title='bbox 244 4932 327 4991; x_wconf 86' lang='lat' dir='ltr'>solus</span> <span class='ocrx_word' id='word_1_731' title='bbox 338 4931 527 5004; x_wconf 88' lang='lat' dir='ltr'>sinepeccato</span> <span class='ocrx_word' id='word_1_732' title='bbox 538 4927 616 4984; x_wconf 75' lang='lat' dir='ltr'>venit</span> <span class='ocrx_word' id='word_1_733' title='bbox 627 4927 656 4982; x_wconf 92' lang='lat' dir='ltr'>in</span> <span class='ocrx_word' id='word_1_734' title='bbox 669 4925 824 4998; x_wconf 91' lang='lat' dir='ltr'>mundum,</span> <span class='ocrx_word' id='word_1_735' title='bbox 838 4927 885 4983; x_wconf 94' lang='lat' dir='ltr'>ille</span> <span class='ocrx_word' id='word_1_736' title='bbox 940 4927 1046 4978; x_wconf 88' lang='lat' dir='ltr'>Deum:</span> <span class='ocrx_word' id='word_1_737' title='bbox 1065 4919 1113 4976; x_wconf 89' lang='lat' dir='ltr'>isti</span> <span class='ocrx_word' id='word_1_738' title='bbox 1131 4937 1199 4994; x_wconf 83' lang='lat' dir='ltr'>ergo</span> <span class='ocrx_word' id='word_1_739' title='bbox 1216 4920 1326 4976; x_wconf 91' lang='lat' dir='ltr'>malum</span> <span class='ocrx_word' id='word_1_740' title='bbox 1343 4922 1419 4993; x_wconf 88' lang='lat' dir='ltr'>quod</span> <span class='ocrx_word' id='word_1_741' title='bbox 1437 4920 1557 4990; x_wconf 86' lang='lat' dir='ltr'>iaciunt,</span> <span class='ocrx_word' id='word_1_742' title='bbox 1574 4922 1651 4996; x_wconf 92' lang='lat' dir='ltr'>quod</span> <span class='ocrx_word' id='word_1_743' title='bbox 1668 4921 1767 4980; x_wconf 90' lang='lat' dir='ltr'>Domi-</span> 
     </span>
     <span class='ocr_line' id='line_1_53' title="bbox 73 5009 1766 5097; baseline -0.006 -22"><span class='ocrx_word' id='word_1_744' title='bbox 73 5021 269 5080; x_wconf 87' lang='lat' dir='ltr'>solusliberure</span> <span class='ocrx_word' id='word_1_745' title='bbox 281 5025 377 5097; x_wconf 88' lang='lat' dir='ltr'>potest</span> <span class='ocrx_word' id='word_1_746' title='bbox 387 5021 422 5076; x_wconf 90' lang='lat' dir='ltr'>de</span> <span class='ocrx_word' id='word_1_747' title='bbox 438 5022 567 5094; x_wconf 87' lang='lat' dir='ltr'>peccato.</span> <span class='ocrx_word' id='word_1_748' title='bbox 585 5015 638 5082; x_wconf 86' lang='lat' dir='ltr'>Qui</span> <span class='ocrx_word' id='word_1_749' title='bbox 654 5015 731 5071; x_wconf 82' lang='lat' dir='ltr'>venit</span> <span class='ocrx_word' id='word_1_750' title='bbox 743 5013 806 5072; x_wconf 89' lang='lat' dir='ltr'>sine</span> <span class='ocrx_word' id='word_1_751' title='bbox 821 5033 884 5088; x_wconf 89' lang='lat' dir='ltr'>peu·</span> <span class='ocrx_word' id='word_1_752' title='bbox 940 5027 996 5067; x_wconf 91' lang='lat' dir='ltr'>nus</span> <span class='ocrx_word' id='word_1_753' title='bbox 1008 5009 1147 5082; x_wconf 80' lang='lat' dir='ltr'>objurgat</span> <span class='ocrx_word' id='word_1_754' title='bbox 1157 5013 1186 5065; x_wconf 87' lang='lat' dir='ltr'>et</span> <span class='ocrx_word' id='word_1_755' title='bbox 1203 5009 1333 5083; x_wconf 85' lang='lat' dir='ltr'>corripit,</span> <span class='ocrx_word' id='word_1_756' title='bbox 1346 5009 1393 5066; x_wconf 88' lang='lat' dir='ltr'>ubi</span> <span class='ocrx_word' id='word_1_757' title='bbox 1410 5010 1545 5067; x_wconf 77' lang='lat' dir='ltr'>viderunt</span> <span class='ocrx_word' id='word_1_758' title='bbox 1559 5012 1635 5086; x_wconf 90' lang='lat' dir='ltr'>apud</span> <span class='ocrx_word' id='word_1_759' title='bbox 1654 5015 1766 5086; x_wconf 83' lang='lat' dir='ltr'>patrem</span> 
     </span>
     <span class='ocr_line' id='line_1_54' title="bbox 72 5097 1768 5181; baseline -0.004 -16"><span class='ocrx_word' id='word_1_760' title='bbox 72 5115 134 5181; x_wconf 90' lang='lat' dir='ltr'>cato,</span> <span class='ocrx_word' id='word_1_761' title='bbox 149 5113 241 5170; x_wconf 87' lang='lat' dir='ltr'>lactus</span> <span class='ocrx_word' id='word_1_762' title='bbox 256 5115 302 5168; x_wconf 89' lang='lat' dir='ltr'>est</span> <span class='ocrx_word' id='word_1_763' title='bbox 311 5108 488 5168; x_wconf 84' lang='lat' dir='ltr'>sacrificium</span> <span class='ocrx_word' id='word_1_764' title='bbox 504 5123 555 5180; x_wconf 92' lang='lat' dir='ltr'>pro</span> <span class='ocrx_word' id='word_1_765' title='bbox 571 5109 699 5178; x_wconf 88' lang='lat' dir='ltr'>peccato.</span> <span class='ocrx_word' id='word_1_766' title='bbox 717 5103 791 5163; x_wconf 82' lang='lat' dir='ltr'>Cum</span> <span class='ocrx_word' id='word_1_767' title='bbox 815 5121 884 5179; x_wconf 82' lang='lat' dir='ltr'>ergo</span> <span class='ocrx_word' id='word_1_768' title='bbox 939 5099 1046 5157; x_wconf 90' lang='lat' dir='ltr'>suum‘l</span> <span class='ocrx_word' id='word_1_769' title='bbox 1057 5097 1129 5154; x_wconf 79' lang='lat' dir='ltr'>Cum</span> <span class='ocrx_word' id='word_1_770' title='bbox 1141 5097 1322 5154; x_wconf 89' lang='lat' dir='ltr'>audierimus</span> <span class='ocrx_word' id='word_1_771' title='bbox 1334 5097 1342 5151; x_wconf 89' lang='lat' dir='ltr'>i</span> <span class='ocrx_word' id='word_1_772' title='bbox 1348 5117 1364 5153; x_wconf 94' lang='lat' dir='ltr'>u</span> <span class='ocrx_word' id='word_1_773' title='bbox 1376 5101 1626 5172; x_wconf 88' lang='lat' dir='ltr'>consequentibus</span> <span class='ocrx_word' id='word_1_774' title='bbox 1637 5103 1768 5176; x_wconf 86' lang='lat' dir='ltr'>apertius</span> 
     </span>
     <span class='ocr_line' id='line_1_55' title="bbox 74 5184 1769 5275; baseline -0.004 -22"><span class='ocrx_word' id='word_1_775' title='bbox 74 5200 154 5256; x_wconf 87' lang='lat' dir='ltr'>omnis</span> <span class='ocrx_word' id='word_1_776' title='bbox 168 5200 218 5275; x_wconf 93' lang='lat' dir='ltr'>qui</span> <span class='ocrx_word' id='word_1_777' title='bbox 230 5200 298 5258; x_wconf 88' lang='lat' dir='ltr'>lacit</span> <span class='ocrx_word' id='word_1_778' title='bbox 308 5201 461 5274; x_wconf 84' lang='lat' dir='ltr'>peccatum</span> <span class='ocrx_word' id='word_1_779' title='bbox 473 5212 574 5254; x_wconf 87' lang='lat' dir='ltr'>servus</span> <span class='ocrx_word' id='word_1_780' title='bbox 586 5193 624 5250; x_wconf 89' lang='lat' dir='ltr'>sit</span> <span class='ocrx_word' id='word_1_781' title='bbox 635 5191 757 5267; x_wconf 88' lang='lat' dir='ltr'>pcccati,</span> <span class='ocrx_word' id='word_1_782' title='bbox 770 5210 833 5266; x_wconf 82' lang='lat' dir='ltr'>quae</span> <span class='ocrx_word' id='word_1_783' title='bbox 845 5193 886 5249; x_wconf 87' lang='lat' dir='ltr'>sit</span> <span class='ocrx_word' id='word_1_784' title='bbox 939 5189 1061 5254; x_wconf 90' lang='lat' dir='ltr'>dictum,</span> <span class='ocrx_word' id='word_1_785' title='bbox 1074 5184 1141 5260; x_wconf 89' lang='lat' dir='ltr'>quis</span> <span class='ocrx_word' id='word_1_786' title='bbox 1150 5185 1186 5240; x_wconf 89' lang='lat' dir='ltr'>sit</span> <span class='ocrx_word' id='word_1_787' title='bbox 1197 5202 1298 5241; x_wconf 89' lang='lat' dir='ltr'>corum</span> <span class='ocrx_word' id='word_1_788' title='bbox 1310 5189 1402 5258; x_wconf 87' lang='lat' dir='ltr'>puter,</span> <span class='ocrx_word' id='word_1_789' title='bbox 1416 5189 1486 5244; x_wconf 91' lang='lat' dir='ltr'>tunc</span> <span class='ocrx_word' id='word_1_790' title='bbox 1494 5187 1690 5263; x_wconf 85' lang='lat' dir='ltr'>intelligimus</span> <span class='ocrx_word' id='word_1_791' title='bbox 1699 5207 1769 5265; x_wconf 87' lang='lat' dir='ltr'>qua·</span> 
     </span>
     <span class='ocr_line' id='line_1_56' title="bbox 74 5272 1768 5360; baseline -0.007 -12"><span class='ocrx_word' id='word_1_792' title='bbox 74 5303 129 5359; x_wconf 70' lang='lat' dir='ltr'>spes</span> <span class='ocrx_word' id='word_1_793' title='bbox 144 5290 226 5348; x_wconf 89' lang='lat' dir='ltr'>nubis</span> <span class='ocrx_word' id='word_1_794' title='bbox 240 5288 396 5360; x_wconf 86' lang='lat' dir='ltr'>libertatis,</span> <span class='ocrx_word' id='word_1_795' title='bbox 413 5287 523 5344; x_wconf 87' lang='lat' dir='ltr'>audite.</span> <span class='ocrx_word' id='word_1_796' title='bbox 940 5277 979 5333; x_wconf 84' lang='lat' dir='ltr'>lia</span> <span class='ocrx_word' id='word_1_797' title='bbox 995 5274 1120 5332; x_wconf 81' lang='lat' dir='ltr'>viderint</span> <span class='ocrx_word' id='word_1_798' title='bbox 1139 5275 1215 5347; x_wconf 88' lang='lat' dir='ltr'>opud</span> <span class='ocrx_word' id='word_1_799' title='bbox 1233 5272 1320 5330; x_wconf 86' lang='lat' dir='ltr'>talem</span> <span class='ocrx_word' id='word_1_800' title='bbox 1335 5279 1460 5348; x_wconf 85' lang='lat' dir='ltr'>petrem.</span> <span class='ocrx_word' id='word_1_801' title='bbox 1481 5277 1586 5334; x_wconf 74' lang='lat' dir='ltr'>Adbuc</span> <span class='ocrx_word' id='word_1_802' title='bbox 1607 5279 1685 5336; x_wconf 88' lang='lat' dir='ltr'>enim</span> <span class='ocrx_word' id='word_1_803' title='bbox 1710 5295 1768 5336; x_wconf 91' lang='lat' dir='ltr'>non</span> 
     </span>
     <span class='ocr_line' id='line_1_57' title="bbox 105 5363 1768 5452; baseline -0.007 -17"><span class='ocrx_word' id='word_1_804' title='bbox 105 5379 230 5436; x_wconf 65' lang='lat' dir='ltr'>*Servus</span> <span class='ocrx_word' id='word_1_805' title='bbox 244 5382 354 5446; x_wconf 86' lang='lat' dir='ltr'>autem,</span> <span class='ocrx_word' id='word_1_806' title='bbox 370 5375 476 5452; x_wconf 89' lang='lat' dir='ltr'>iuquit,</span> <span class='ocrx_word' id='word_1_807' title='bbox 496 5392 553 5432; x_wconf 90' lang='lat' dir='ltr'>non</span> <span class='ocrx_word' id='word_1_808' title='bbox 577 5376 676 5431; x_wconf 88' lang='lat' dir='ltr'>manci</span> <span class='ocrx_word' id='word_1_809' title='bbox 697 5372 727 5427; x_wconf 93' lang='lat' dir='ltr'>in</span> <span class='ocrx_word' id='word_1_810' title='bbox 744 5373 830 5428; x_wconf 92' lang='lat' dir='ltr'>domo</span> <span class='ocrx_word' id='word_1_811' title='bbox 855 5372 884 5428; x_wconf 87' lang='lat' dir='ltr'>in</span> <span class='ocrx_word' id='word_1_812' title='bbox 941 5367 1071 5422; x_wconf 81' lang='lat' dir='ltr'>norrriuut</span> <span class='ocrx_word' id='word_1_813' title='bbox 1087 5368 1201 5438; x_wconf 89' lang='lat' dir='ltr'>patrem</span> <span class='ocrx_word' id='word_1_814' title='bbox 1213 5363 1356 5436; x_wconf 87' lang='lat' dir='ltr'>ipsorum.</span> <span class='ocrx_word' id='word_1_815' title='bbox 1374 5365 1463 5422; x_wconf 88' lang='lat' dir='ltr'>Paulo</span> <span class='ocrx_word' id='word_1_816' title='bbox 1475 5365 1768 5440; x_wconf 76' lang='lat' dir='ltr'>superiusdbrnham</span> 
     </span>
     <span class='ocr_line' id='line_1_58' title="bbox 75 5452 1770 5533; baseline -0.008 -7"><span class='ocrx_word' id='word_1_817' title='bbox 75 5487 85 5511; x_wconf 57' lang='grc' dir='ltr'>ι’</span> <span class='ocrx_word' id='word_1_818' title='bbox 99 5471 240 5524; x_wconf 66' lang='lat' dir='ltr'>ebenum.</span> <span class='ocrx_word' id='word_1_819' title='bbox 255 5489 269 5524; x_wconf 77' lang='lat' dir='ltr'>a</span> <span class='ocrx_word' id='word_1_820' title='bbox 287 5465 418 5525; x_wconf 80' lang='lat' dir='ltr'>Ecclesia</span> <span class='ocrx_word' id='word_1_821' title='bbox 431 5469 477 5522; x_wconf 86' lang='lat' dir='ltr'>est</span> <span class='ocrx_word' id='word_1_822' title='bbox 491 5465 609 5533; x_wconf 86' lang='lat' dir='ltr'>domus,</span> <span class='ocrx_word' id='word_1_823' title='bbox 633 5479 734 5521; x_wconf 87' lang='lat' dir='ltr'>servus</span> <span class='ocrx_word' id='word_1_824' title='bbox 755 5463 800 5516; x_wconf 89' lang='lat' dir='ltr'>est</span> <span class='ocrx_word' id='word_1_825' title='bbox 820 5477 886 5533; x_wconf 84' lang='lat' dir='ltr'>pec·</span> <span class='ocrx_word' id='word_1_826' title='bbox 941 5452 1189 5523; x_wconf 82' lang='lat' dir='ltr'>commemoravit,</span> <span class='ocrx_word' id='word_1_827' title='bbox 1206 5453 1256 5509; x_wconf 88' lang='lat' dir='ltr'>sed</span> <span class='ocrx_word' id='word_1_828' title='bbox 1268 5453 1365 5511; x_wconf 87' lang='lat' dir='ltr'>carnis</span> <span class='ocrx_word' id='word_1_829' title='bbox 1376 5454 1530 5529; x_wconf 81' lang='lat' dir='ltr'>originem,</span> <span class='ocrx_word' id='word_1_830' title='bbox 1542 5475 1600 5514; x_wconf 89' lang='lat' dir='ltr'>ncn</span> <span class='ocrx_word' id='word_1_831' title='bbox 1611 5457 1674 5514; x_wconf 78' lang='lat' dir='ltr'>vite</span> <span class='ocrx_word' id='word_1_832' title='bbox 1685 5457 1770 5514; x_wconf 90' lang='lat' dir='ltr'>simi·</span> 
     </span>
     <span class='ocr_line' id='line_1_59' title="bbox 73 5541 1769 5626; baseline -0.004 -18"><span class='ocrx_word' id='word_1_833' title='bbox 73 5557 148 5610; x_wconf 83' lang='lat' dir='ltr'>calor.</span> <span class='ocrx_word' id='word_1_834' title='bbox 171 5557 234 5614; x_wconf 86' lang='lat' dir='ltr'>Non</span> <span class='ocrx_word' id='word_1_835' title='bbox 257 5558 375 5616; x_wconf 87' lang='lat' dir='ltr'>maneat</span> <span class='ocrx_word' id='word_1_836' title='bbox 402 5553 490 5612; x_wconf 92' lang='lat' dir='ltr'>homo</span> <span class='ocrx_word' id='word_1_837' title='bbox 505 5553 535 5610; x_wconf 89' lang='lat' dir='ltr'>iu</span> <span class='ocrx_word' id='word_1_838' title='bbox 561 5555 692 5626; x_wconf 86' lang='lat' dir='ltr'>peccato,</span> <span class='ocrx_word' id='word_1_839' title='bbox 709 5567 745 5606; x_wconf 88' lang='lat' dir='ltr'>ne</span> <span class='ocrx_word' id='word_1_840' title='bbox 769 5550 808 5604; x_wconf 89' lang='lat' dir='ltr'>sit</span> <span class='ocrx_word' id='word_1_841' title='bbox 823 5566 886 5605; x_wconf 85' lang='lat' dir='ltr'>ser·</span> <span class='ocrx_word' id='word_1_842' title='bbox 933 5545 1108 5624; x_wconf 74' lang='lat' dir='ltr'>titudinem.</span> <span class='ocrx_word' id='word_1_843' title='bbox 1125 5541 1262 5598; x_wconf 88' lang='lat' dir='ltr'>Dicturus</span> <span class='ocrx_word' id='word_1_844' title='bbox 1277 5560 1356 5600; x_wconf 90' lang='lat' dir='ltr'>nunc</span> <span class='ocrx_word' id='word_1_845' title='bbox 1370 5544 1495 5602; x_wconf 90' lang='lat' dir='ltr'>alterum</span> <span class='ocrx_word' id='word_1_846' title='bbox 1510 5549 1623 5618; x_wconf 87' lang='lat' dir='ltr'>patrem</span> <span class='ocrx_word' id='word_1_847' title='bbox 1639 5545 1769 5615; x_wconf 90' lang='lat' dir='ltr'>illorum,</span> 
     </span>
     <span class='ocr_line' id='line_1_60' title="bbox 75 5630 1767 5719; baseline -0.009 -15"><span class='ocrx_word' id='word_1_848' title='bbox 75 5655 120 5698; x_wconf 73' lang='lat' dir='ltr'>tut</span> <span class='ocrx_word' id='word_1_849' title='bbox 134 5645 248 5718; x_wconf 82' lang='lat' dir='ltr'>peceati,</span> <span class='ocrx_word' id='word_1_850' title='bbox 262 5651 294 5704; x_wconf 90' lang='lat' dir='ltr'>ut</span> <span class='ocrx_word' id='word_1_851' title='bbox 304 5643 399 5719; x_wconf 85' lang='lat' dir='ltr'>possit</span> <span class='ocrx_word' id='word_1_852' title='bbox 410 5659 527 5701; x_wconf 88' lang='lat' dir='ltr'>manere</span> <span class='ocrx_word' id='word_1_853' title='bbox 538 5641 568 5699; x_wconf 88' lang='lat' dir='ltr'>in</span> <span class='ocrx_word' id='word_1_854' title='bbox 579 5642 676 5710; x_wconf 78' lang='lat' dir='ltr'>domu,</span> <span class='ocrx_word' id='word_1_855' title='bbox 693 5639 722 5697; x_wconf 74' lang='lat' dir='ltr'>id</span> <span class='ocrx_word' id='word_1_856' title='bbox 737 5644 779 5696; x_wconf 62' lang='lat' dir='ltr'>„st</span> <span class='ocrx_word' id='word_1_857' title='bbox 791 5638 818 5694; x_wconf 80' lang='lat' dir='ltr'>iu</span> <span class='ocrx_word' id='word_1_858' title='bbox 837 5640 888 5695; x_wconf 77' lang='lat' dir='ltr'>lic-</span> <span class='ocrx_word' id='word_1_859' title='bbox 942 5632 992 5708; x_wconf 89' lang='lat' dir='ltr'>qui</span> <span class='ocrx_word' id='word_1_860' title='bbox 1010 5649 1060 5688; x_wconf 86' lang='lat' dir='ltr'>uec</span> <span class='ocrx_word' id='word_1_861' title='bbox 1076 5630 1179 5706; x_wconf 76' lang='lat' dir='ltr'>gerruit</span> <span class='ocrx_word' id='word_1_862' title='bbox 1193 5647 1252 5702; x_wconf 82' lang='lat' dir='ltr'>coe,</span> <span class='ocrx_word' id='word_1_863' title='bbox 1270 5650 1323 5690; x_wconf 90' lang='lat' dir='ltr'>nec</span> <span class='ocrx_word' id='word_1_864' title='bbox 1339 5634 1455 5704; x_wconf 85' lang='lat' dir='ltr'>creavit,</span> <span class='ocrx_word' id='word_1_865' title='bbox 1468 5638 1500 5691; x_wconf 90' lang='lat' dir='ltr'>ut</span> <span class='ocrx_word' id='word_1_866' title='bbox 1510 5635 1644 5693; x_wconf 86' lang='lat' dir='ltr'>homines</span> <span class='ocrx_word' id='word_1_867' title='bbox 1659 5638 1767 5701; x_wconf 86' lang='lat' dir='ltr'>essent,</span> 
     </span>
    </p>
   </div>
   <div class='ocr_carea' id='block_1_3' title="bbox 0 0 1970 6166">
    <p class='ocr_par' dir='ltr' id='par_1_3' title="bbox 0 0 1970 6166">
     <span class='ocr_line' id='line_1_61' title="bbox 0 0 1970 6166; baseline 0 0"><span class='ocrx_word' id='word_1_868' title='bbox 0 0 1970 6166; x_wconf 95' lang='lat' dir='ltr'> </span> 
     </span>
    </p>
   </div>
  </div>
 </body>
</html>
