3930 6172
180 311 260 374 aaa
483 309 689 378 uxxuorus
712 313 981 378 saunuiisrm.
1004 310 1129 376 serso
1152 283 1239 379 oee.
1261 317 1362 380 exos
1383 319 1473 380 n.-
1487 317 1616 382 suntin.
1812 321 1859 384 ait

199 443 324 518 aposloli
339 464 391 521 per
406 465 436 505 se
453 447 562 516 lunico,
574 451 624 505 sed
636 465 653 504 a
667 448 777 504 luurioo
791 447 903 503 Christo
920 448 966 503 ille
981 448 1025 503 lo·
1041 451 1063 518 Α
1082 449 1148 504 bam
1160 451 1188 506 in
1204 452 1348 507 rotrodum
1359 457 1391 508 ut
1401 452 1711 526 glorillcareturnomcn
1721 454 1827 510 Petrina
1837 454 1860 510 Si

200 551 298 602 cerna,
315 537 400 594 atilli
417 537 585 607 illuminati,
603 539 653 612 qui
669 545 713 595 est
723 537 766 595 sol
778 554 873 604 verus,
888 535 985 592 oriens
996 535 1025 591 iu
1083 561 1096 586 ι(
1113 537 1188 595 alius
1202 541 1312 596 venerit
1334 541 1364 597 iu
1391 541 1506 597 nomine
1522 558 1582 608 sno,
1603 541 1679 597 illum
1701 542 1861 615 accipietis.»

200 627 287 682 corde
302 627 493 684 credentium.
1081 627 1152 692 Quis
1167 633 1210 685 est
1225 629 1274 702 qui
1290 629 1367 686 venit
1383 631 1411 685 in
1428 629 1544 686 nornine
1558 647 1618 698 suo,
1635 629 1687 686 nisi
1701 629 1744 686 ille
1757 631 1799 703 qui
1812 632 1862 704 glo·

239 733 250 762 r
266 716 325 789 llgo
343 721 439 774 autem
455 717 547 774 habco
563 718 763 774 testinronium
785 718 881 789 majus
904 716 1027 772 Joanue.
1083 715 1155 770 riam
1173 717 1322 791 propriam
1333 716 1446 791 quaerit,
1459 723 1553 774 etuon
1564 716 1635 774 alius
1646 717 1692 790 qui
1704 718 1863 775 misitilloml

203 821 214 850 a
232 802 324 875 Opera
349 804 427 862 enim
443 823 506 879 quas
522 807 603 863 dedit
618 808 689 863 mihi
705 808 799 873 Pater,
820 811 853 862 ut
867 805 1028 878 perficiam,
1083 804 1208 870 Ouisest
1219 823 1305 878 quem
1316 806 1462 878 accepturi
1478 810 1559 863 erant
1572 806 1670 873 iudai,
1682 805 1732 861 nisi
1745 806 1863 862 Antichri-

200 913 215 940 «
232 890 298 964 ipsa
312 911 401 966 opera
416 913 479 968 qua
495 913 548 968 ego
565 897 647 964 lacio,
661 895 863 960 testimonium
875 893 1030 967 perhibent
1083 895 1162 950 stum
1176 893 1225 966 qui
1241 899 1381 952 venturus
1395 901 1441 952 est
1455 896 1576 970 gloriam
1592 911 1713 968 quarere
1723 896 1864 967 propriam?

200 1001 213 1029 a
231 979 266 1036 de
278 996 334 1050 mc,
345 983 415 1055 quia
426 980 510 1040 Pater
519 1002 565 1040 me
576 985 666 1040 misit.
681 987 716 1040 ldt
727 987 775 1057 qui
788 983 868 1040 misit
877 1000 922 1038 me
933 984 1028 1038 Patere
1083 982 1118 1038 llt
1134 982 1187 1040 hoc
1198 984 1253 1040 erit
1264 984 1322 1041 illis
1341 1003 1426 1058 poeua
1440 985 1560 1057 peccati,
1575 983 1641 1057 quia
1655 982 1794 1039 noluerunt
1805 983 1864 1038 aeri·

200 1088 214 1118 o
226 1066 497 1140 ipsetestimonium
510 1071 762 1146 perhibuitdcme.
774 1096 787 1123 a
797 1069 1027 1144 Superiusdixit,
1084 1071 1135 1127 tati
1151 1073 1276 1140 eredere,
1294 1077 1322 1129 et
1337 1075 1455 1130 credent
1470 1074 1629 1129 mendacio.

201 1179 215 1206 o
230 1159 433 1216 testimonium
446 1177 503 1217 nou
514 1163 625 1234 accipio
636 1162 672 1219 ab
683 1162 811 1231 bomine,
826 1183 839 1210 »
851 1161 898 1217 hie
909 1175 1028 1216 causam
1120 1184 1133 1209 α
1151 1163 1299 1227 Quomodo
1315 1164 1436 1236 potestis
1450 1181 1501 1219 vos
1516 1163 1639 1228 credere,
1655 1160 1700 1232 qui
1721 1159 1825 1233 gloriam
1838 1161 1865 1214 ab

201 1249 284 1316 dixit,
298 1267 389 1323 quare
398 1251 433 1306 ab
448 1249 566 1307 homine
577 1252 778 1308 testimouium
792 1269 848 1308 non
859 1251 1028 1323 accepisset»
1086 1271 1098 1299 u
1110 1248 1231 1306 invicem
1245 1251 1388 1324 accipitis,
1399 1255 1427 1309 et
1435 1252 1557 1326 gloriam
1568 1267 1629 1323 quae
1640 1255 1682 1305 est
1691 1247 1747 1304 solo
1755 1247 1814 1314 Deo,
1824 1263 1866 1303 oen

201 1339 272 1410 quia
287 1338 377 1394 habet
390 1339 592 1396 testimonium
608 1341 711 1410 Patris,
723 1345 752 1396 et
765 1357 885 1413 operum
897 1341 1028 1398 testimo·
1083 1362 1097 1388 κ
1115 1337 1245 1412 queritis
1255 1340 1269 1396 ‘l
1280 1363 1293 1390 a
1319 1341 1569 1398 Considerandum
1588 1336 1722 1394 intentius
1736 1340 1828 1410 quanta
1839 1336 1868 1390 sit

203 1427 296 1496 nium,
313 1429 362 1484 sed
379 1427 468 1484 habet
483 1430 580 1501 majus
596 1447 684 1502 quam
695 1433 765 1485 sunt
777 1430 941 1486 hominum.
953 1431 1027 1504 Ergo
1079 1427 1227 1500 jactantie
1237 1429 1409 1485 ethumauce
1420 1429 1517 1486 laudis
1527 1425 1764 1492 ambitiomalum,
1774 1441 1868 1497 proquo

201 1515 262 1572 hac
278 1515 391 1583 missio,
409 1518 572 1576 incarnatio
588 1523 632 1574 est
646 1519 772 1576 Christi:
789 1519 950 1576 incarnatio
961 1536 1028 1577 vere
1083 1517 1147 1590 ipsa
1162 1517 1275 1574 Veritas
1286 1519 1337 1584 ait,
1352 1520 1469 1575 eredere
1484 1535 1543 1574 noo
1559 1535 1643 1591 posse
1656 1514 1796 1588 quosdam,
1809 1512 1867 1584 quod

201 1605 320 1674 Christi,
336 1607 498 1681 redemptio
514 1611 558 1664 est
582 1612 698 1664 nostra:
722 1609 883 1682 redemptio
898 1625 964 1666 vero
980 1626 1028 1666 ao·
1083 1607 1231 1663 secularis
1243 1606 1340 1681 gloria
1349 1608 1447 1682 cupidi
1460 1612 1552 1664 erant.
1565 1600 1869 1672 Quidesthumanalau·

149 1711 150 1716 ¹
202 1695 1026 1771 stra‚estinipsaVeritote,queait:«Egoveniutvi-
1083 1696 1128 1752 dis
1143 1689 1869 1770 cupiditas,nisisupernaemontiselatiotl'ultdee

201 1786 261 1839 tam
278 1783 414 1854 habeant,
431 1789 460 1840 et
474 1785 674 1842 abuudantius
697 1786 825 1844 babeant
848 1791 940 1856 (dorin.
957 1787 995 1859 x).
1012 1809 1027 1837 a
1082 1782 1231 1852 estimari,
1248 1785 1325 1856 quod
1342 1785 1371 1840 in
1384 1801 1415 1840 se
1431 1783 1538 1840 habere
1553 1799 1609 1840 nou
1623 1780 1724 1838 studet.
1735 1777 1804 1834 Alter
1814 1776 1870 1830 inte·

202 1872 361 1944 Subjunxit
373 1889 439 1929 xero
451 1872 518 1929 huic
529 1874 697 1931 testimonio
710 1875 813 1942 Patris,
825 1876 861 1932 de
871 1876 933 1948 ipso
945 1877 1027 1933 Patre
1083 1871 1155 1939 rius,
1168 1871 1242 1928 alter
1252 1874 1329 1930 toras
1339 1873 1429 1929 videri
1442 1873 1597 1930 desiderat.
1607 1868 1755 1926 Humilitas
1764 1864 1873 1938 veroglc·

203 1962 281 2032 quod
307 1961 410 2030 ludaei,
427 1961 469 2018 vel
486 1962 580 2036 magis
609 1981 711 2020 omnes
730 1965 863 2022 infideles
879 1965 1029 2024 excaeptis
1083 1961 1443 2034 riumquaeritasoloDeo,
1455 1953 1872 2036 superbiaabhominibus.ludc

204 2049 508 2106 mentibusveritalem
517 2051 1027 2127 Divinitatisuonpossuntaecipere,
1081 2049 1209 2106 loannes
1224 2051 1355 2124 Baptista
1370 2052 1406 2107 ab
1429 2051 1495 2124 ipsa
1508 2051 1636 2107 veritate
1654 2053 1712 2103 tam
1732 2043 1873 2101 excellenter

204 2136 317 2194 dicens:
1083 2137 1221 2195 laudatus
1231 2145 1286 2212 est,
1298 2146 1330 2195 ut
1341 2159 1398 2196 nou
1410 2145 1487 2197 esset
1495 2139 1609 2196 arundo
1617 2141 1699 2193 venta
1708 2135 1814 2208 agitata,
1823 2129 1874 2202 quia

241 2249 255 2276 κ
271 2227 455 2301 Nequeenim
466 2247 564 2288 vocem
577 2231 641 2304 ejus
651 2231 775 2289 audistis
786 2251 927 2306 uuquam,
936 2249 1030 2308 neque
1084 2246 1141 2284 nou
1157 2229 1292 2285 humanas
1305 2229 1412 2298 luridis,
1424 2247 1476 2286 nec
1488 2227 1595 2286 odiosae
1605 2221 1813 2298 vituperationis
1822 2234 1874 2273 aura

205 2342 218 2368 «
232 2319 358 2392 speciem
373 2321 439 2391 ejus
453 2320 577 2390 vidistis,
595 2327 623 2378 et
637 2322 756 2379 verbum
769 2324 833 2394 ejus
847 2339 903 2378 non
915 2323 1029 2380 habetis
1084 2318 1171 2374 uento
1187 2319 1321 2375 flexibilis
1337 2319 1400 2388 luit,
1418 2319 1482 2375 ideo
1497 2317 1621 2392 gloriam
1637 2332 1693 2371 non
1708 2308 1825 2386 qriasivit
1837 2307 1876 2361 hn-

205 2431 219 2458 n
235 2409 265 2464 in
277 2403 359 2464 xobis
375 2412 509 2466 manens.⁵
525 2433 538 2461 a
561 2411 635 2466 Dicit
648 2411 823 2485 Apostolus:
841 2435 854 2462 o
871 2413 934 2468 Non
950 2413 1029 2469 enim
1084 2425 1212 2464 monam.
1290 2415 1296 2424 “

204 2497 353 2555 auditores
363 2497 437 2572 legis
442 2499 597 2572 justificati
606 2504 685 2568 sunt,
698 2501 748 2556 sed
761 2501 882 2557 lectores
891 2500 968 2558 verbi
982 2502 1029 2558 ttei
1120 2521 1134 2546 a
1146 2498 1240 2554 Nolite
1250 2502 1351 2571 putare
1361 2498 1491 2571 qiiiaego
1503 2499 1695 2554 accusaturus
1705 2491 1756 2548 sim
1766 2483 1876 2558 vosepod

204 2589 362 2658 (damula
370 2589 458 2656 idest,
468 2589 557 2645 Filius
569 2589 615 2645 Dei
627 2607 684 2645 uon
698 2595 796 2646 manet
806 2589 959 2647 initlorum
970 2607 1031 2647 cor-
1084 2610 1098 2637 o
1115 2589 1239 2643 Patrem.
1256 2588 1306 2642 nst
1321 2587 1371 2660 qui
1392 2591 1511 2642 accersat
1534 2603 1588 2642 vos
1603 2585 1723 2657 Moyses,
1738 2579 1764 2634 in
1780 2593 1828 2650 (11¹0
1839 2589 1877 2628 νοῦ

204 2677 301 2749 dibus,
318 2677 387 2750 quia
403 2695 460 2732 non
486 2684 603 2735 servant
617 2695 680 2751 qnae
696 2680 830 2735 audiunt.
853 2681 935 2746 Quod
960 2697 1028 2736 vcro
1084 2699 1098 2726 «
1117 2675 1386 2749 maximesperatis.
1401 2699 1414 2724 u
1426 2677 1492 2732 ideo
1504 2693 1559 2732 nso
1572 2690 1687 2739 accuso,
1699 2659 1879 2744 quianoneeui

203 2765 258 2822 e'it.
273 2769 290 2816 ἀ
307 2783 510 2840 aequevocem
525 2769 589 2840 ejus
599 2768 734 2835 audistis,
747 2785 841 2840 aeque
852 2769 976 2841 speciem
988 2769 1029 2824 vi·
1083 2766 1233 2830 damnare,
1251 2767 1301 2821 sed
1316 2764 1437 2821 salvere.
1456 2765 1570 2838 Moyses
1586 2752 1879 2826 vereoecusat,quil11·

203 2856 299 2924 distis,
313 2877 327 2906 a
343 2856 372 2912 in
388 2855 442 2912 hoc
458 2857 584 2912 ostendit
595 2857 792 2912 substantiam
809 2857 973 2914 Divinitatis
987 2859 1029 2914 in·
1084 2853 1191 2910 creduli
1205 2854 1276 2910 estis
1291 2855 1352 2910 voci
1364 2853 1454 2910 illios.
1468 2876 1482 2904 a
1498 2854 1537 2909 lle
1549 2871 1597 2910 me
1613 2852 1659 2907 ille
1671 2846 1790 2921 scripsit,
1804 2843 1879 2896 ”dum

203 2943 498 3017 comprehensibilem
513 2949 540 3000 et
551 2943 737 3014 invisibilem,
749 2949 884 3002 eteocem
896 2948 960 3018 ejus
971 2966 1029 3006 non
1084 2943 1125 3000 ait
1149 2945 1236 3012 (Dent.
1253 2944 1327 3017 und:
1352 2943 1525 3016 Prophetiam
1541 2942 1626 2998 vobis
1642 2934 1787 2996 suscitabit
1800 2927 1880 2988 [lorm-

203 3023 372 3089 carnalibus
385 3033 486 3089 audire
511 3033 641 3106 petuisse
665 3034 797 3105 auribus,
818 3037 868 3092 sed
884 3036 1029 3110 spirituali
1085 3051 1140 3088 nus
1154 3037 1227 3090 Deris
1240 3034 1275 3088 ds
1293 3032 1431 3092 tratribus
1450 3031 1565 3100 uestris,
1583 3038 1722 3103 tanquam
1738 3022 1881 3093 meipsum

204 3121 397 3196 intelligentia
411 3138 462 3195 per
476 3121 601 3196 gratiam
617 3123 710 3179 sancti
726 3123 853 3197 Spiritus
868 3123 1030 3199 intelligere
1085 3122 1222 3178 audietis.
1236 3122 1310 3187 Ouil
1327 3139 1392 3177 tero
1408 3125 1550 3193 sequatur
1564 3118 1704 3177 attendite
1715 3132 1721 3172 :
1732 3113 1795 3180 Erit
1806 3104 1882 3164 ⁰³¹⁰ss

199 3205 247 3269 tet
263 3225 371 3278 ornare,
387 3213 549 3268 secundum
565 3213 642 3285 quod
666 3211 824 3286 unicuique
847 3213 949 3270 datum
966 3213 1028 3272 crit.
1046 3187 1067 3255 G
1086 3211 1184 3268 anima
1200 3229 1263 3284 quae
1280 3228 1336 3266 non
1353 3209 1495 3266 obedierit
1505 3209 1654 3282 prophetea
1670 3203 1722 3271 illi,
1737 3197 1884 3259 extermina·

205 3301 383 3360 Scrutamini
400 3301 575 3375 Scripturas,
593 3301 662 3374 quia
677 3319 728 3358 vos
741 3302 850 3374 putatis
860 3303 889 3357 in
902 3302 975 3376 ipsis
990 3303 1030 3358 vi·
1086 3299 1165 3356 bitur
1180 3301 1216 3355 de
1230 3298 1337 3373 populo
1352 3298 1410 3355 Dei.
1423 3299 1451 3354 Si
1463 3303 1561 3354 autem
1574 3297 1656 3353 illius
1669 3291 1768 3350 litteris
1778 3298 1884 3345 nancra-

206 3396 266 3448 tam
275 3396 411 3446 aeternam
421 3390 537 3446 habere.
548 3391 582 3446 Et
591 3413 604 3439 s
615 3389 670 3444 illa
680 3395 820 3462 suntquae
830 3391 1031 3446 testimonium
1085 3389 1164 3457 ditis,
1178 3390 1323 3462 quomodo
1335 3389 1407 3445 meis
1417 3387 1512 3444 verbis
1521 3377 1814 3454 credetistQuidquid
1823 3375 1885 3431 enlm

205 3479 361 3553 perhibeat
374 3479 410 3535 de
426 3495 483 3546 mc,
499 3483 527 3534 et
543 3495 600 3534 non
615 3476 703 3534 vultis
717 3479 814 3534 venire
830 3480 865 3534 ad
879 3495 935 3546 me,
948 3485 979 3536 ut
990 3480 1031 3535 vi·
1086 3476 1131 3534 lex
1145 3483 1173 3534 et
1193 3477 1339 3551 propheta
1362 3478 1552 3550 scripserunt,
1574 3472 1741 3548 peremnia
1761 3466 1885 3526 Christum

206 3571 267 3622 tam
283 3565 425 3622 habeatis.
444 3586 458 3613 a
485 3587 498 3616 o
515 3565 578 3622 Non
601 3565 688 3622 vultis
704 3566 810 3633 venire,
827 3589 842 3616 a
857 3566 885 3621 id
902 3571 955 3636 est,
972 3585 1030 3624 non
1084 3572 1241 3623 venturum
1259 3585 1321 3624 esso
1337 3566 1539 3639 designabant.
1557 3565 1586 3622 Si
1604 3566 1684 3622 enim
1695 3545 1885 3627 Judaiteginl

203 3653 293 3712 vultis
308 3654 434 3720 credere,
451 3653 519 3725 quia
544 3654 609 3710 sine
633 3654 689 3710 fide
708 3653 890 3734 impossibile
912 3649 957 3713 est
972 3656 1030 3713 Deo
1084 3656 1234 3728 prophetis
1248 3656 1450 3724 credidissent,
1468 3655 1568 3728 utique
1583 3658 1613 3710 ct
1628 3650 1751 3710 Christo.

204 3744 328 3818 placere.
339 3742 444 3798 Venire
452 3748 584 3799 nostrum
595 3743 630 3798 ad
642 3743 802 3812 Christum,
811 3744 838 3800 id
851 3749 904 3814 est,
915 3747 1031 3804 credere
1563 3799 1570 3814 ,
1628 3759 1632 3761 ·

202 3849 303 3891 verum
317 3833 402 3892 illum
415 3831 519 3888 Filium
534 3831 595 3900 Dei,
607 3836 636 3888 et
649 3849 745 3889 veram
763 3851 815 3889 nos
825 3851 877 3906 per
887 3834 970 3890 illum
980 3835 1030 3892 ha·
1386 3798 1538 3854 HOlllle
1548 3798 1606 3853 ‘XL'
1623 3890 1628 3900 ,
1656 3888 1660 3899 ,

202 3923 271 3979 bere
286 3921 422 3978 salutem.
449 3921 551 3978 Omnis
566 3921 643 3978 enim
661 3921 810 3994 Scriptura
832 3925 1029 3981 sanctatesti·
1201 3931 1205 3938 '
1254 3905 1334 3945 mm
1355 3905 1441 3944 sm*
1461 3905 1530 3944 ¹³⁰⁸*
1550 3889 1743 3944 mmmmm
1877 3995 1880 4004 Ι

199 4011 332 4068 inanium
343 4010 492 4084 perhibuit
504 4009 628 4076 Christo,
641 4009 699 4066 sive
714 4028 765 4082 per
775 4011 893 4082 tigranes,
908 4013 967 4070 sive
979 4031 1030 4086 per
1118 4015 1241 4078 (Morsu.
1257 4019 1325 4080 xxi).
1343 4035 1357 4062 a
1374 4013 1405 4068 ln
1423 4012 1473 4068 illo
1490 4016 1633 4084 tempore,
1646 4010 1720 4067 dixit
1732 3999 1891 4062 losusdisei·

201 4100 369 4174 prophetas,
387 4100 445 4157 sive
461 4116 513 4172 per
527 4098 697 4172 angelorum
715 4099 887 4162 mmisteria.
913 4103 988 4177 Ergo
1001 4109 1030 4160 st
1083 4125 1097 4152 «
1111 4103 1189 4174 pulis
1205 4103 1277 4168 suis,
1295 4108 1323 4158 et
1337 4103 1431 4158 turbis
1445 4103 1615 4158 ludaeorum
1636 4097 1800 4174 parabolam
1815 4091 1890 4147 haue:

201 4191 315 4264 Moyses
324 4187 525 4246 testimouium
534 4187 1029 4261 perhibuitChristo,Joannastesti·
1081 4215 1095 4242 o
1111 4193 1203 4248 Homo
1215 4192 1334 4263 quidam
1346 4197 1407 4247 erat
1422 4189 1644 4263 paterfamilias,
1657 4188 1707 4262 qui
1719 4180 1851 4259 plantavit
1858 4173 1891 4228 vi·

201 4277 951 4352 moniumperhibuitChristo,etcaeteriprophetaeet
962 4297 1029 4353 apo·
1082 4303 1097 4332 o
1114 4263 1892 4353 neoni,etreliqua.uScribaeetPhariseai,quisupsritts

202 4365 1037 4441 stoliperhibuerunttostimoniumChristoHisomnibus¹
1082 4355 1893 4441 Dominodixcrant:lnquapotestatehaecsaeistaudiunt

200 4455 378 4514 testimoniis
390 4455 526 4529 proponit
541 4471 660 4526 operum
671 4471 803 4523 suorum,
821 4456 889 4528 quia
900 4457 1028 4529 perillus
1082 4457 1269 4531 peroccultas
1280 4456 1443 4530 parabolas,
1453 4457 1530 4528 quod
1541 4459 1735 4528 perspectam
1746 4455 1892 4508 sermonem

133 4579 135 4583 -
202 4544 334 4600 nonnisi
353 4543 973 4616 heusperhibuittsstimoniumFiliosuo.
1043 4557 1139 4622 [anon
1156 4547 1345 4601 merebantur
1368 4545 1480 4600 audire.
1497 4545 1693 4618 Omnipotens
1713 4539 1817 4598 etenim
1832 4540 1894 4589 ttcus

239 4655 253 4682 α
270 4632 489 4714 Claritateurab
506 4631 676 4687 hominibus
692 4648 748 4688 non
766 4633 883 4705 recipio,
899 4657 912 4683 »
929 4635 955 4690 id
973 4638 1026 4703 est,
1083 4637 1176 4703 Pater,
1202 4633 1334 4690 conditor
1349 4639 1377 4690 et
1390 4635 1568 4707 gubernator
1591 4631 1774 4690 familiarum
1789 4633 1893 4682 suarum

201 4720 318 4777 laudem
334 4717 493 4776 humanam
506 4737 563 4775 non
577 4737 685 4792 quaro,
697 4719 767 4793 quia
777 4745 789 4769 u
801 4738 857 4777 non
868 4723 932 4778 i‘eni
945 4722 1029 4778 mini·
1083 4730 1136 4782 est.
1149 4724 1240 4779 Vinea
1251 4723 1339 4786 illius,
1354 4723 1458 4778 deuius
1470 4721 1629 4780 Israelitica
1639 4726 1696 4780 est.
1709 4720 1767 4776 lloc
1776 4713 1847 4772 enim
1858 4725 1897 4764 no·

202 4811 299 4876 straei,
313 4810 362 4866 sed
380 4809 548 4866 ministrare
562 4808 664 4871 (liutto.
681 4809 738 4879 xx),
754 4833 764 4858 ι
777 4810 806 4864 id
821 4814 874 4876 est,
889 4827 946 4866 non
962 4811 1027 4867 veni
1083 4815 1161 4869 miae
1176 4813 1249 4870 solet
1264 4810 1405 4885 appellari
1427 4812 1528 4867 eadem
1543 4830 1616 4885 gens
1631 4813 1662 4869 in
1678 4824 1762 4868 sacro
1783 4795 1893 4872 eloquio,

201 4904 234 4954 ut
247 4899 387 4955 honorem
399 4899 435 4954 ab
446 4897 617 4955 hominibus
628 4897 790 4969 acciperem
806 4898 962 4968 carnalem,
975 4900 1027 4957 sed
1081 4901 1158 4959 sicut
1172 4901 1263 4957 isaias
1285 4900 1355 4956 dicit
1371 4901 1446 4972 (Cap.
1463 4895 1519 4968 rut:
1551 4921 1564 4953 a
1579 4901 1710 4958 Cantabo
1726 4895 1828 4954 dilecto
1842 4901 1896 4943 mco

201 4990 233 5040 ut
248 4985 386 5042 honorem
402 4985 574 5043 hominibus
585 4987 685 5041 darem
701 4986 895 5059 spiritualem.
1081 4990 1227 5046 canticum
1246 4988 1386 5062 patruclis
1400 4988 1457 5044 urei
1469 4987 1557 5044 vinea
1571 5006 1658 5045 suaen
1672 4988 1766 5043 Vinea
1781 4985 1850 5038 tacta
1861 4977 1896 5028 est

237 5095 251 5122 a
267 5073 322 5129 Sed
338 5075 457 5148 cognovi
477 5091 537 5140 vos,
551 5075 620 5146 poia
632 5074 816 5131 dilectionem
834 5075 884 5131 Dei
898 5093 956 5132 non
972 5077 1024 5132 ha·
1080 5073 1152 5134 mihi
1166 5077 1195 5132 in
1212 5076 1274 5134 loco
1289 5076 1460 5144 abacista,
1479 5092 1632 5149 usquequo
1643 5075 1733 5132 dixit:
1751 5069 1839 5124 Vinea
1852 5067 1897 5116 llo·

202 5184 216 5212 o
233 5161 307 5216 betis
324 5161 352 5216 in
368 5161 459 5218 vobls.
473 5186 487 5214 »
504 5163 571 5218 Ideo
582 5163 767 5220 dilectionem
780 5163 826 5220 ttei
843 5182 899 5221 nou
917 5165 1025 5222 babue-
1081 5167 1153 5222 mini
1179 5165 1312 5234 sabaoth,
1330 5165 1435 5222 domus
1450 5165 1538 5221 lsrael
1554 5170 1609 5222 est.
1626 5167 1661 5221 Et
1676 5161 1832 5220 Psalmista
1846 5153 1895 5208 ait:

201 5250 433 5321 runt,quianon
454 5251 1026 5326 credideruntioeum,quianouxcnit
1082 5281 1095 5306 n
1112 5256 1233 5312 Vineam
1261 5255 1431 5327 deAEgypto
1461 5255 1638 5312 transtulisti
1661 5251 1751 5322 (l’scl.
1776 5245 1896 5310 cucata*

200 5338 294 5393 lacere
308 5337 486 5394 voluntatem
503 5355 598 5406 suam,
619 5343 669 5397 sed
691 5341 870 5400 voluntatem
895 5344 1025 5416 ejusqui
1081 5345 1273 5418 Omnipotens
1281 5360 1349 5417 ergo
1358 5347 1436 5399 Deus
1447 5342 1561 5400 vineam
1571 5341 1725 5416 plantavit,
1735 5326 1898 5425 quiescetis

201 5427 285 5482 uiisit
300 5426 395 5483 illum.
413 5427 480 5483 Ideo
497 5428 669 5499 subjunxit:
1081 5436 1116 5492 de
1127 5438 1204 5490 terra
1215 5431 1420 5506 promissionis
1430 5430 1644 5488 habitatoribus
1655 5429 1720 5498 sois
1729 5424 1900 5482 Charonea.

236 5541 249 5565 u
263 5517 322 5589 ligo
332 5518 396 5573 veni
408 5515 437 5573 in
450 5515 567 5573 nornine
578 5517 671 5573 Patris
683 5521 749 5590 mei,
761 5525 789 5577 et
802 5539 858 5578 uon
872 5521 1025 5594 accepistis
1081 5523 1110 5579 in
1126 5523 1260 5581 canadam
1272 5526 1389 5594 gentem
1406 5519 1595 5578 israeliticam
1611 5515 1775 5578 collocavit.
1793 5535 1806 5562 u
1821 5511 1854 5567 lit
1867 5521 1902 5562 sc·

202 5627 215 5656 α
232 5621 289 5676 ms,
308 5629 322 5655 u
339 5605 430 5675 idest,
440 5623 498 5664 non
510 5605 676 5664 credidistis
687 5607 715 5664 iu
727 5627 783 5676 me,
796 5609 844 5683 qui
855 5611 919 5667 ideo
930 5611 1025 5666 venie·
1081 5635 1095 5662 «
1113 5629 1179 5685 pam
1190 5609 1382 5667 circumdedit
1397 5609 1434 5680 ci,
1449 5631 1462 5660 e
1478 5610 1507 5666 id
1522 5615 1567 5666 est
1583 5623 1683 5667 muros
1694 5601 1902 5662 urbiumeteu.
