3872 6168
94 319 142 378 lii
487 313 492 322 '
695 312 872 376 Hotlllllss
894 310 944 374 Dii
966 311 1165 374 TEMPORE.
1557 389 1563 401 .
1719 303 1780 374 ΠΒ

95 443 273 523 puliDomino
288 441 466 513 obtulerant,
483 441 530 502 liic
546 447 655 514 autem,
673 443 757 518 panis
768 449 796 502 ct
810 443 899 518 piscis
913 447 938 514 Α
954 444 1017 502 lum
1032 445 1096 518 ejus
1111 444 1249 520 dignatus
1270 443 1316 500 est
1339 457 1489 517 apparere,
1505 441 1555 499 sed
1576 439 1663 500 etiam
1679 458 1776 500 coram

94 539 257 594 memoratur
272 534 373 591 luisse.
389 534 454 607 lpse
475 534 553 591 enim
580 534 664 608 quasi
681 533 770 607 piscis
785 539 901 591 assetus
956 535 998 592 eis
1014 535 1165 592 comedere
1192 533 1274 590 Unde
1289 537 1318 590 ct
1333 532 1489 589 subditur:

93 631 131 684 est
143 629 263 698 tempore
275 623 432 697 passionis,
450 625 500 680 sed
515 624 700 680 dulcedinem
717 624 801 698 panis
811 623 894 680 erhi—
994 647 1007 674 ιι
1023 623 1099 679 Dicit
1114 623 1156 679 eis
1169 624 1256 680 iesus
1269 641 1275 678 :
1293 622 1404 691 Venite,
1417 620 1566 694 prandete.
1580 643 1594 669 ιι
1610 621 1644 678 lit
1659 619 1779 693 pulchre

91 715 147 770 buit
161 717 283 786 tempore
298 711 582 786 resurrectionis,qni
598 713 634 768 dc
649 713 744 784 seipso
759 713 894 782 aitilonn.
956 713 1095 769 ultimum
1106 712 1269 768 convivium
1286 729 1352 767 cum
1369 715 1480 784 septem
1509 707 1664 782 discipulis
1688 707 1780 766 voluit

90 805 123 875 vs)
135 819 141 858 :
151 825 164 852 ιι
175 803 229 876 Ego
244 818 308 858 sum
321 801 406 874 panis
419 802 512 870 vivus,
524 801 574 874 qui
590 803 626 858 ds
641 801 713 858 cmlo
724 801 869 858 descendi.
887 823 900 851 ιι
955 800 1185 874 celebrarc,quia
1198 799 1240 856 illi
1257 797 1640 873 postuniversalejudicinm
1652 802 1780 854 cumDo·

88 894 119 950 Et
133 891 251 947 iterum:
269 914 281 940 ιι
299 891 386 947 Panis
402 907 489 966 quem
505 891 682 961 cgodedcro,
700 908 766 947 caro
782 895 902 947 meaest
956 890 1036 947 mino
1052 896 1191 946 eternum
1207 887 1371 946 convivium
1392 886 1566 944 celebraturi
1591 891 1672 953 sunt,
1684 885 1734 959 qui
1751 885 1780 940 in

88 997 134 1054 pra
145 978 237 1036 seculi
253 979 322 1034 vita.
341 1001 352 1027 ι
954 979 1090 1051 presenti
1105 977 1210 1035 saeculo
1234 977 1395 1051 septiformi
1425 976 1520 1048 gratis
1541 977 1667 1050 Spiritus
1687 974 1781 1032 suncti

120 1091 132 1120 ιι
147 1068 219 1124 Dicit
233 1067 275 1124 eis
289 1068 375 1125 Jesus
388 1084 393 1123 :
405 1067 511 1124 Attente
526 1069 562 1124 de
573 1068 703 1140 piscibus
721 1085 795 1141 qnos
816 1085 899 1141 prea-
955 1067 1056 1141 repleti
1073 1068 1190 1124 luerint.
1207 1067 1288 1134 Quod
1302 1083 1369 1122 vero
1386 1066 1542 1122 subditur:
1560 1087 1575 1116 ιι
1587 1065 1622 1121 Et
1636 1081 1722 1121 nemo
1733 1081 1783 1120 aa·

87 1182 99 1208 ιι
114 1156 226 1213 didistis
242 1172 329 1212 nunc.
344 1156 482 1212 Ascendit
496 1159 593 1214 autem
619 1157 720 1214 Simon
744 1158 856 1224 Petrus,
873 1161 901 1212 et
957 1179 970 1208 ιι
986 1158 1073 1214 debet
1086 1155 1336 1212 discumbentium
1351 1171 1417 1212 eum
1444 1154 1688 1223 interrogamus
1714 1154 1782 1225 quis

87 1273 97 1296 ιι
113 1245 195 1301 traxit
208 1249 269 1301 rete
292 1245 322 1301 in
348 1249 466 1314 terram,
490 1245 609 1318 plenum
635 1246 750 1320 maguis
769 1245 900 1320 piscibus
956 1271 969 1296 ιι
987 1264 1018 1304 es
1030 1249 1044 1302 l
1058 1248 1183 1304 scientes
1208 1245 1278 1318 quia
1304 1244 1446 1300 Dominus
1462 1247 1516 1298 est.
1532 1267 1544 1292 ιι
1568 1243 1637 1300 'Pale
1652 1248 1697 1300 est
1711 1261 1745 1299 ac
1756 1244 1779 1299 si

86 1359 97 1384 ιι
111 1339 223 1390 centum
240 1333 457 1408 quinquaginta
473 1335 616 1390 tribuent
627 1351 694 1390 curn
706 1335 780 1392 tenti
791 1340 899 1402 essent,
955 1337 1081 1392 diceret:
1098 1336 1188 1391 Nemo
1201 1333 1396 1407 presumebat
1411 1331 1478 1406 quis
1498 1337 1575 1388 esset
1590 1332 1779 1406 interrogare,

84 1447 97 1474 ιι
111 1440 164 1478 uon
179 1428 223 1480 est
237 1423 365 1479 scissum
382 1427 451 1479 rete.
469 1423 672 1480 altianil'estum
688 1429 796 1491 estnec
811 1441 899 1498 expo·
955 1425 1024 1498 quis
1037 1426 1114 1498 quod
1128 1424 1190 1496 ipse
1205 1423 1338 1480 Christus
1353 1425 1440 1490 esset,
1458 1438 1543 1478 nemo
1566 1425 1680 1493 poterat
1693 1421 1780 1476 dubi·

84 1511 179 1568 sitione
193 1511 390 1584 indiget,quid
407 1513 445 1568 sit
460 1513 538 1584 quod
553 1513 656 1568 Petrus
671 1513 751 1585 prior
762 1513 900 1570 omnibus
955 1521 1026 1571 tore.
1044 1515 1116 1570 Tem
1133 1513 1211 1569 euim
1235 1512 1392 1568 manifesta
1415 1515 1444 1566 et
1471 1509 1610 1583 preclara
1638 1514 1700 1566 erat
1715 1510 1780 1582 ejus

84 1605 135 1656 rete
149 1617 215 1656 cum
232 1600 365 1672 piscibus
380 1601 468 1656 traxit
483 1600 512 1655 in
529 1605 648 1657 terram.
666 1602 723 1674 lpsi
740 1603 818 1658 enim
834 1619 899 1675 spe·
955 1599 1490 1678 cognitinutomnibussevidentibus
1503 1597 1691 1655 manifestum
1703 1603 1781 1655 esset

83 1689 185 1746 cialiter
198 1689 330 1746 Ecclesia
339 1689 544 1746 commendata
558 1694 612 1758 est,
629 1689 670 1745 illi
688 1689 899 1765 ligandietsol·
955 1693 1023 1767 quis
1037 1696 1114 1750 essct
1126 1707 1132 1746 :
1146 1694 1175 1747 et
1189 1690 1254 1746 ideo
1269 1689 1451 1761 super-lluum
1472 1691 1543 1754 erat,
1560 1687 1627 1760 quis
1641 1691 1719 1744 esset
1735 1687 1779 1742 in·

82 1778 233 1834 vendidetu
250 1783 297 1834 est
315 1781 451 1850 potestas,
468 1779 616 1851 quandoei
629 1780 777 1837 aDomino
789 1781 899 1836 dictum
917 1816 940 1881 B
955 1788 1112 1854 terrogare‚
1130 1780 1166 1835 dc
1186 1780 1272 1852 cujus
1295 1777 1460 1852 cognitione
1487 1793 1572 1833 ncmo
1588 1777 1778 1833 discumben-

83 1869 137 1922 est:
153 1889 163 1915 ι
180 1867 222 1921 Tu
238 1883 271 1922 es
296 1867 408 1934 Petrus,
423 1871 452 1922 et
470 1883 558 1940 super
582 1867 657 1924 hane
683 1872 794 1941 petram
810 1871 899 1925 aedili·
956 1873 1030 1927 tium
1046 1875 1159 1943 poterat
1173 1870 1318 1925 dubitare.

83 1955 313 2011 caboDcclesiam
322 1971 428 2021 meam,
445 1961 474 2012 ct
489 1961 576 2028 portae
591 1956 677 2012 interi
694 1975 751 2015 non
767 1958 901 2030 pravulc-
991 1984 1006 2012 «
1020 1962 1055 2017 Et
1070 1960 1147 2016 venit
1161 1959 1248 2015 Jesus
1263 1962 1292 2015 et
1312 1957 1423 2030 accepit
1444 1972 1560 2028 panem,
1576 1960 1604 2011 et
1623 1955 1712 2012 dabat
1726 1955 1779 2022 eis,

83 2044 301 2100 bantsdversus
312 2060 388 2100 eam.
405 2045 439 2100 st
458 2044 510 2101 tibi
526 2045 601 2102 dabo
617 2045 710 2102 claves
723 2047 803 2120 regni
815 2047 900 2104 caelo·
957 2073 971 2102 ιι
987 2051 1096 2123 piscem
1114 2048 1258 2106 similiter.
1278 2047 1456 2120 »Deditergo
1472 2045 1613 2101 Dominus
1628 2043 1782 2117 discipulis

83 2150 150 2188 rum.
163 2133 198 2188 Et
211 2133 411 2205 quodcunque
436 2131 571 2206 ligaveris
592 2152 680 2208 super
704 2139 822 2203 terrem,
847 2135 902 2192 crit
955 2139 1077 2214 piscem,
1093 2137 1164 2211 quia
1179 2153 1263 2192 suam
1280 2135 1446 2209 passionem
1463 2133 1640 2189 imitandum
1656 2149 1722 2189 esse
1738 2149 1783 2188 os·

82 2219 196 2294 ligatum
212 2226 242 2276 et
254 2221 287 2276 in
300 2221 398 2276 coelis:
415 2228 444 2278 et
464 2223 660 2297 quodcunque
677 2223 797 2280 solveris
813 2243 903 2297 super
955 2228 1058 2284 tendit.
1074 2227 1158 2283 Dedit
1173 2230 1201 2280 et
1216 2241 1283 2280 eum
1308 2223 1387 2297 pisce
1416 2239 1532 2295 penem,
1549 2220 1619 2294 quia
1634 2225 1700 2294 post
1712 2218 1781 2278 tole-

83 2313 191 2378 terram‚
207 2311 267 2366 erit
283 2309 413 2366 solutum
429 2311 497 2366 etin
508 2311 587 2368 coelis
604 2314 782 2385 (Molliorem).
797 2336 811 2364 ιι
827 2315 899 2370 Nam
956 2317 1081 2372 rentiam
1098 2313 1242 2388 passionis
1257 2311 1363 2384 gaudia
1387 2309 1555 2384 repromisit
1569 2314 1682 2366 esterna
1697 2309 1782 2366 satic-

82 2403 181 2470 etpost
196 2398 443 2455 resurrectionem
469 2400 494 2456 ei
518 2418 535 2456 a
559 2401 681 2458 Domino
709 2402 899 2460 dictumest:
956 2404 1034 2461 tatis.
1051 2404 1132 2471 Quod
1148 2419 1214 2459 vcro
1227 2402 1353 2457 dicitnr:

83 2511 93 2534 ιι
108 2489 203 2544 Simon
218 2488 355 2554 loannis,
372 2487 470 2561 diligis
487 2506 532 2545 me
556 2489 623 2562 plus
639 2491 685 2548 his
697 2491 711 2546 t
725 2492 813 2548 Pasce
833 2509 900 2549 oves
992 2517 1006 2545 ιι
1023 2495 1081 2550 lloc
1089 2495 1151 2566 jam
1167 2491 1251 2548 tertio
1263 2489 1616 2547 manifestatuscstlesus
1627 2485 1782 2561 discipulis

83 2577 253 2646 meaonon.
271 2579 341 2645 xxi).
359 2599 373 2626 ιι
394 2577 450 2632 Sed
473 2576 545 2634 illud
569 2578 691 2636 sollicite
713 2581 900 2637 considerau-
957 2607 970 2634 ιι
985 2583 1067 2640 suis:
1086 2599 1153 2638 cum
1169 2579 1405 2637 resurrexisseta
1421 2579 1556 2635 mortuis.
1573 2603 1584 2631 ιι
1603 2579 1666 2635 Non
1680 2577 1715 2633 ad
1731 2594 1782 2633 nu·

82 2664 144 2720 dum
171 2669 225 2737 est,
251 2666 325 2738 quis
351 2681 537 2738 nequaquam
564 2667 742 2742 evangelista
769 2668 900 2742 ipsorum
957 2688 1070 2728 merum
1087 2669 1309 2744 apparitionem,
1327 2668 1377 2724 sed
1390 2667 1488 2741 potius
1508 2667 1543 2722 ad
1560 2667 1674 2723 dierum
1690 2667 1783 2739 perti·

83 2753 197 2825 piscium
215 2771 376 2812 numerum
393 2759 452 2810 tam
468 2753 591 2811 sollicite
616 2758 816 2830 expressisset,
832 2759 856 2816 si
872 2759 901 2814 in
956 2762 1091 2818 net.Nam
1107 2757 1201 2832 primo
1216 2758 1264 2814 die
1279 2773 1337 2830 quo
1347 2755 1506 2812 resurrexit
1520 2773 1537 2812 a
1552 2753 1686 2821 mortuis,
1699 2755 1783 2826 quin-

83 2842 138 2914 ipso
154 2859 280 2899 numero
291 2843 598 2918 mysteriumdefuissc
609 2846 797 2903 crederet.Ait
806 2848 899 2904 enim:
956 2850 1040 2923 quies
1052 2850 1088 2904 ab
1098 2847 1269 2904 bominibus
1280 2845 1361 2902 visus
1369 2850 1423 2900 est.
1435 2844 1542 2900 lterum
1554 2847 1651 2898 autem
1658 2841 1716 2898 nlie
1724 2841 1780 2910 die,

84 2955 96 2979 «
110 2932 242 2988 Ascendit
256 2931 362 2989 Simon
376 2933 487 3000 Petrus,
504 2937 532 2988 et
558 2935 645 2990 traxit
659 2939 718 2991 rete
737 2935 766 2990 in
782 2942 899 3006 terram,
957 2938 1073 3012 quando
1084 2933 1429 3010 postdiesoctonpparuit
1444 2929 1780 3004 discipulisinconclavi‚

85 3017 191 3090 plenum
206 3020 328 3094 magnis
343 3021 474 3093 piscibus
489 3025 607 3078 centum
624 3023 839 3096 quinquaginta
850 3025 902 3080 tri·
958 3027 1006 3084 ubi
1020 3030 1082 3083 erat
1096 3023 1333 3082 Tlromas.Tertio
1348 3021 1540 3093 veroquendo
1554 3015 1780 3092 piscantibusad

85 3107 157 3163 bus·
174 3108 325 3164 Numerus
341 3107 396 3164 iste
411 3108 448 3164 ab
468 3125 527 3164 uno
552 3109 664 3182 incipit,
680 3112 731 3166 scd
755 3129 849 3184 usqae
865 3113 900 3168 nd
957 3132 1038 3173 marc
1053 3113 1228 3180 Tiberiadis,
1244 3111 1369 3184 septima
1383 3109 1445 3166 vice
1469 3107 1604 3182 apperuit
1619 3105 1780 3180 discipulis.

84 3196 172 3252 decem
185 3200 214 3253 et
226 3201 343 3269 septem
364 3197 520 3254 crescendo
538 3197 760 3272 multiplicatur.
776 3201 808 3257 Si
822 3201 900 3257 enim
917 3183 938 3250 G

85 3283 173 3340 decem
188 3289 217 3342 et
232 3289 349 3358 septem
365 3286 553 3354 terdunense,
579 3287 794 3362 quinquaginta
808 3307 899 3346 unum
968 3281 971 3290 ’
1216 3255 1371 3312 ΗΟΜῙΗΑ
1391 3253 1522 3309 LXXVH'

85 3371 368 3442 invenies.ltcrum‚si
384 3375 697 3449 quinquagintaunum
710 3382 752 3434 ter
763 3378 903 3452 multipli·
1193 3359 1276 3400 ΕΜΔ
1295 3360 1398 3407 ΟυῙΝΉ
1419 3359 1543 3398 ”SCHAE'

85 3463 191 3532 caveris,
208 3467 331 3520 centum
347 3463 563 3538 qninquaginta
577 3465 633 3520 tria
648 3466 786 3523 invenies.
798 3467 901 3524 Decem
992 3474 1082 3546 (toan.
1099 3471 1157 3542 xx.)
1173 3494 1187 3520 ιι
1201 3471 1232 3526 In
1255 3468 1304 3524 illo
1329 3472 1477 3541 tempore:
1506 3465 1596 3522 Maria
1622 3464 1720 3522 stabat
1744 3463 1780 3520 ad

84 3565 141 3604 vere
154 3551 188 3606 ad
198 3549 377 3623 decalogum
393 3549 467 3625 legis
487 3570 643 3610 numerum
660 3555 815 3628 pertinent,
832 3557 903 3630 quia
958 3584 971 3614 ιι
985 3564 1210 3618 monumentum
1226 3555 1463 3630 loris,plorans.s
1482 3556 1516 3611 Dt
1527 3553 1648 3625 reliqua.
1665 3555 1697 3608 ln
1709 3550 1784 3607 mul·

85 3637 173 3695 decem
189 3643 340 3714 praeecpta
356 3640 446 3714 Moysi
462 3641 531 3697 dats
556 3647 634 3698 sunt.
651 3644 767 3717 Septem
782 3663 849 3703 vero
865 3647 901 3702 ad
956 3650 994 3706 tis
1010 3648 1081 3706 locis
1096 3648 1250 3720 Scriptura
1265 3647 1358 3702 virtus
1379 3641 1601 3717 perseverantie
1627 3637 1783 3696 laudabilis

84 3727 253 3798 spiritualem
261 3727 389 3802 gretiam
397 3728 901 3807 NoviTestamenti,proptsrseptem
956 3739 1131 3806 ostenditur,
1148 3754 1207 3792 non
1222 3736 1321 3792 minus
1337 3739 1436 3790 tamen
1460 3733 1488 3788 in
1504 3731 1596 3803 bajus
1611 3727 1728 3786 exordio
1742 3726 1783 3784 le-

85 3814 150 3871 dooa
163 3819 297 3890 Spiritus
312 3817 468 3884 sencti‚vel
484 3823 601 3892 propter
613 3821 700 3878 fidem
717 3829 823 3878 sanctes
836 3824 900 3880 Tri·
955 3827 1071 3895 ctionis,
1085 3843 1174 3899 quem
1190 3824 1337 3899 praecipua
1351 3822 1444 3878 virtus
1467 3820 1506 3877 sit
1524 3818 1741 3893 cognoscimus,
1758 3817 1782 3873 si

85 3902 183 3973 nitatis,
198 3910 227 3964 et
242 3905 411 3962 doctrinam
427 3909 553 3978 quatuor
567 3909 800 3984 Evangeliorum.
811 3912 900 3976 Ouiu·
955 3916 1045 3988 bujus
1058 3913 1204 3986 Evangelii
1231 3911 1382 3984 superiora
1403 3924 1561 3982 parumper
1583 3907 1782 3965 attendemus.

84 3993 266 4066 quagesimae
281 3999 379 4050 autem
395 4012 536 4052 numerus
556 3998 593 4054 ad
617 3999 747 4070 requiem
763 3999 900 4072 pertinet,
956 4005 1052 4076 Supra
1063 4003 1139 4058 enim
1158 3999 1257 4057 retulit
1279 3998 1467 4072 evangelista,
1493 3997 1573 4069 quia,
1589 4013 1657 4052 cum
1687 3994 1783 4052 adhuc

85 4083 144 4152 quia
157 4083 424 4157 quinquagesimus
440 4102 536 4141 annus
546 4085 729 4158 Jubilaensid
745 4093 790 4146 cst
805 4106 901 4148 cunas
954 4091 1081 4147 tenebre
1092 4087 1295 4155 essent‚Maria
1305 4083 1603 4159 lllngdalenevenitsd
1613 4099 1784 4139 nrouumen·

85 4169 255 4228 remissionis
272 4177 318 4227 est
332 4171 438 4228 dictus.
456 4174 530 4239 Quis
545 4189 614 4248 ergo
630 4175 672 4230 illi
687 4178 723 4232 ed
738 4192 837 4233 veram
853 4195 900 4236 rs·
954 4184 1027 4244 tum,
1039 4182 1068 4234 et
1081 4176 1154 4232 vidit
1168 4176 1295 4249 lapidem
1311 4173 1491 4229 sublstnma
1509 4175 1709 4227 monumento.
1725 4169 1781 4225 Cu-

85 4257 170 4326 quiem
185 4261 353 4333 perventuri
365 4265 444 4328 sunt,
455 4261 898 4338 quidecologumlegisporgra·
954 4267 1045 4323 currit
1059 4281 1140 4338 crgo,
1155 4269 1184 4320 et
1206 4263 1283 4318 vonit
1312 4261 1348 4318 ad
1374 4261 1524 4318 Simonem
1551 4259 1722 4315 Petrumet
1744 4257 1780 4312 ad

84 4345 145 4402 tium
159 4348 289 4422 Spiritus
305 4348 398 4406 sancti
410 4349 602 4423 spiritualiter
617 4353 836 4426 implent,quesi
849 4355 898 4411 dc·
953 4355 1044 4412 alium
1060 4351 1239 4425 discipulum
1255 4367 1342 4422 quem
1359 4347 1581 4416 amabatiosus,
1593 4350 1622 4402 et
1635 4345 1706 4401 dicit
1722 4344 1780 4402 cis:

85 4448 137 4490 cem
151 4441 178 4492 et
192 4443 307 4510 septem
324 4444 369 4494 ter
382 4439 897 4516 ducimus,utadquiuquagesimum
954 4441 1097 4499 Tulerunt
1112 4441 1269 4496 Dominum
1281 4439 1316 4494 dc
1328 4439 1562 4504 monumento,et
1576 4433 1781 4490 noscimusubi

85 4537 229 4582 numerum
255 4527 470 4599 perveniemus.
497 4529 532 4585 Et
554 4531 623 4602 quia
647 4547 713 4588 vera
740 4533 855 4606 requies
870 4533 897 4588 in
915 4542 937 4606 [J
953 4534 1115 4604 posuerunt
1131 4547 1208 4585 enm.
1226 4531 1261 4584 At
1273 4525 1315 4583 illi
1331 4529 1481 4602 correptes
1492 4522 1667 4579 introierunt
1678 4523 1706 4578 iu
1723 4539 1781 4578 mo-

86 4612 372 4682 unitateest‚rectead
383 4618 898 4692 quinquagesimumadditurunum,
955 4625 1140 4682 numentum.
1156 4623 1185 4674 ct
1199 4618 1239 4672 its
1254 4617 1428 4672 invenerunt
1445 4613 1522 4670 sicut
1547 4611 1685 4669 mulieres
1701 4611 1781 4667 dixe-

86 4701 211 4768 quoniam
227 4704 270 4760 sic
283 4704 319 4761 de
335 4705 483 4777 primitiva
494 4707 900 4766 Ecclesiadictumest.«Mul-
956 4713 1034 4766 runt.
1053 4710 1087 4765 Dt
1102 4708 1137 4763 de
1152 4705 1211 4762 illis
1236 4704 1370 4779 protinus
1399 4702 1543 4776 seriptum
1559 4706 1622 4757 est:
1639 4701 1783 4756 Abierant

86 4787 207 4848 titudinis
218 4797 318 4850 sutem
329 4794 510 4852 credentium
521 4801 583 4854 erat
593 4813 643 4854 cor
657 4815 749 4856 uuum
764 4800 900 4856 stenima
956 4815 1023 4872 crgo
1040 4798 1144 4854 iterum
1156 4793 1292 4868 discipuli
1308 4793 1344 4849 nd
1365 4791 1548 4863 semetipsos.
1565 4787 1605 4846 De
1620 4788 1670 4846 illa
1682 4795 1781 4844 autem

86 4888 136 4932 ΜΕ
148 4879 213 4952 im·
229 4885 278 4950 iv).
297 4903 311 4931 ι’
327 4883 362 4938 Et
376 4884 513 4956 quonism
531 4886 664 4943 custodia
678 4887 750 4960 legis
766 4893 794 4943 et
807 4889 902 4962 gratis
955 4887 1106 4944 subditur:
1126 4909 1139 4934 «
1162 4883 1253 4940 Maria
1273 4882 1368 4938 s2abat
1392 4881 1428 4937 ad
1459 4881 1683 4935 monumentum
1700 4877 1780 4945 loris,

87 4965 237 5035 spiritualis
252 4969 282 5028 io
305 4971 362 5028 lide
377 4977 485 5029 sancte
500 4973 650 5032 Trinitatis
674 4981 798 5045 constat,
815 4978 899 5050 qussi
957 4999 971 5028 ιι
986 4976 1132 5049 plorans.»
1144 4973 1197 5030 Ubi
1214 4969 1459 5028 considerandum
1470 4971 1524 5036 est,
1543 4966 1676 5024 mulieris
1691 4963 1781 5038 hujus

87 5053 291 5132 quinquaginta
313 5059 370 5116 tria
394 5063 608 5134 perveniamus.
630 5064 704 5130 Quia
717 5065 796 5122 enim
812 5065 901 5134 (sicut
955 5055 1780 5138 mentemquantnsamorDominiaccenderet,quaeetiam

87 5156 165 5214 supra
178 5145 289 5204 dictum
306 5147 359 5222 est)
376 5165 427 5222 per
449 5150 525 5206 banc
551 5151 743 5224 piscationem
759 5154 898 5226 Ecclesia,
953 5149 1133 5225 discipulisa
1157 5152 1346 5206 monumento
1369 5144 1599 5208 discedentibus,
1616 5161 1674 5200 non
1687 5143 1780 5200 disce-

87 5231 171 5297 quslis
185 5233 215 5290 in
230 5236 328 5295 lutuno
352 5238 416 5309 erit,
442 5239 634 5312 significetur,
652 5241 774 5316 dignum
797 5243 853 5298 fuit
867 5247 900 5299 ut
952 5241 1049 5297 debat.
1066 5240 1100 5295 Dt
1114 5238 1229 5312 quionb
1245 5235 1435 5308 inquisitione
1450 5251 1508 5291 nou
1533 5232 1659 5290 cessavit
1686 5233 1782 5306 prima

87 5317 124 5372 lot
136 5321 228 5391 pisces
240 5332 421 5398 cuperentur,
437 5345 488 5400 per
502 5345 575 5400 quos
591 5326 751 5386 electorum
769 5348 897 5402 summa,
953 5347 1019 5386 eum
1037 5328 1132 5384 videre
1145 5325 1351 5383 meruit.Unde
1365 5323 1557 5398 cognovimus
1571 5322 1642 5396 quia
1656 5322 1685 5377 in
1699 5322 1779 5377 omni

88 5418 219 5474 quocum
237 5415 599 5487 Dominoregnnturaest,
623 5419 848 5491 significaretur.
863 5419 900 5476 Ut
953 5420 1029 5474 bono
1051 5433 1137 5491 opere
1161 5413 1376 5489 perseverantia
1405 5411 1639 5475 accessoriuest,
1656 5409 1780 5465 Domino

88 5497 174 5553 tutem
190 5501 898 5565 Dominusdosuaresurrectioncomnemdubi·
954 5508 1115 5564 diceuteza
1133 5505 1186 5570 Qui
1212 5503 1438 5576 perseveraverit
1467 5499 1604 5574 usquein
1620 5496 1780 5565 finem,bic

88 5580 467 5665 tationcmediscipulorum
485 5595 897 5662 mentibusanlerret,u0nso-
953 5597 1050 5653 salvus
1066 5595 1120 5651 erit
1137 5593 1248 5666 (nrrttt.
1261 5597 1299 5662 x).
1319 5616 1333 5641 ιι
1348 5591 1421 5648 Hinc
1444 5595 1499 5657 est,
1516 5587 1593 5662 quod
1620 5603 1672 5659 per
1685 5586 1777 5657 legem
1851 5577 1857 5588 ’
