3872 6168
77 377 124 432 365
650 369 827 432 lliliillLlAE
850 370 898 430 DD
920 369 1121 432 TEMPORE.
1686 387 1745 448 366

76 521 121 580 que
134 501 220 570 millia,
234 499 288 556 alia
302 501 349 555 die
370 500 425 556 tria
447 501 549 567 miliia,
566 507 594 557 et
609 501 747 573 deinceps
772 501 866 556 multa
878 504 906 568 Α
922 505 955 558 ιιι
969 506 1099 576 tempore
1114 502 1253 562 orationis
1264 511 1370 562 nostrae
1381 507 1587 577 liquiditatem,
1599 517 1628 566 et
1643 519 1747 573 coutri-

75 593 165 650 miilio:
180 592 206 645 ia
221 589 275 645 illis
286 589 470 646 bihitvinum
483 589 688 646 dulcissimum
700 593 767 662 post
781 607 865 646 suam
919 589 1029 649 tionem
1053 593 1149 648 cordis
1174 611 1228 650 uos
1255 594 1361 652 hahere
1381 597 1492 654 doceat.
1511 599 1544 654 itt
1557 599 1612 656 hoo
1630 603 1660 658 iu
1676 604 1749 662 vallo

73 678 290 738 resurrectionem.
920 679 1075 751 pinguium
1087 681 1147 737 sive
1152 679 1377 756 pinguedinum,
1385 689 1417 742 ut
1425 685 1537 744 scilicet
1546 688 1639 745 oratio
1648 695 1749 751 nostra

99 795 110 821 ι
124 771 162 834 Et,
176 769 274 840 hymno
289 767 376 832 dicto,
389 767 520 823 exierunt
531 767 561 823 in
573 772 702 826 montem
719 767 830 824 Oliveti.
849 789 863 818 u
920 767 1435 844 conditasitpiaguedinecharitatis.
1446 774 1498 832 Vel
1509 776 1639 846 aliter,ia
1650 785 1750 838 monte

69 861 115 916 Hoc
128 862 174 926 esi,
189 855 261 929 quod
274 854 432 935 Psalmista
444 857 499 912 ait:
526 881 540 906 ιι
554 857 644 914 lldeot
668 873 820 930 pauperes,
837 862 866 912 et
920 858 1126 930 unusquisque
1142 864 1216 924 orat,
1241 861 1291 933 qui
1307 862 1433 921 ccelesiis
1448 867 1547 938 patrie
1563 869 1684 941 premia
1697 885 1749 941 po-

68 944 866 1018 satorahuniur:etlaudahuntDominum,quirequirent
919 945 984 1001 ecit.
999 947 1030 1002 lo
1046 946 1120 1003 valle
1137 953 1235 1004 autem
1251 947 1444 1009 nihilominus
1464 957 1538 1020 orat,
1555 955 1605 1028 qui
1621 958 1750 1016 carnalia

68 1053 120 1093 oum
141 1035 217 1104 (Psoi.
233 1039 289 1101 xx).
305 1056 318 1082 ιι
346 1034 419 1090 ilinc
434 1033 540 1090 etenim
562 1034 744 1092 consuetudo
767 1037 866 1090 exorta
919 1038 1002 1090 aDeo
1016 1035 1097 1107 petit,
1111 1041 1235 1094 moriem
1248 1038 1382 1096 videlieet
1394 1040 1592 1108 inimicorum,
1606 1043 1748 1104 ultionem

66 1131 108 1196 esi,
121 1131 148 1180 ut
162 1123 272 1196 quando
283 1122 394 1178 caelesti
410 1139 485 1195 pane
501 1123 660 1195 pascimur,
674 1123 734 1179 sive
750 1127 865 1178 terreno
920 1121 1060 1191 hostium,
1072 1124 1283 1182 abundantiam
1298 1128 1504 1200 temporalium
1521 1131 1705 1190 facultatum.

66 1216 114 1269 riho
135 1213 283 1276 relicimur,
300 1211 442 1285 hymnum
467 1213 523 1268 Deo
539 1211 682 1266 dicamus.
698 1209 749 1264 Vel
775 1209 864 1265 etiam
954 1235 968 1260 u
987 1213 1019 1268 Et
1029 1221 1181 1286 assumpto
1190 1216 1284 1280 Petro,
1295 1218 1450 1274 eiduohus
1461 1217 1530 1274 liliis
1541 1221 1680 1290 Zebedaei,
1693 1240 1749 1279 cm·

65 1305 183 1374 hunnum
197 1317 353 1374 possumus
364 1299 525 1372 intelligere
540 1298 621 1355 iilam
637 1299 798 1354 orationem
814 1315 865 1368 per
919 1323 933 1349 ιι
951 1299 993 1372 pit
1005 1302 1171 1358 contristari
1191 1307 1220 1358 et
1235 1309 1360 1362 moestus
1371 1323 1444 1364 esse.
1462 1329 1476 1358 u
1501 1307 1746 1379 contristabatur,

66 1407 135 1463 quom
145 1389 215 1446 l’atri
225 1387 386 1462 discipulos
399 1387 625 1452 commendavit,
637 1404 727 1460 qnam
737 1386 864 1443 loannes
918 1406 977 1444 non
991 1390 1094 1446 timore
1105 1391 1203 1447 vicinae
1215 1393 1371 1464 passionis,
1384 1399 1598 1469 propterquam
1609 1400 1747 1456 eniteren-

65 1479 208 1551 adplenum
225 1483 379 1534 exsecutus
389 1483 443 1543 esi,
456 1493 519 1548 quaa
535 1477 576 1531 iia
590 1476 762 1532 inchoatur:
780 1499 793 1526 ιι
812 1475 864 1531 Ρε-
918 1477 986 1534 dam
1001 1484 1129 1546 uenerat,
1141 1481 1191 1538 sed
1206 1487 1323 1554 propter
1332 1483 1525 1554 perditionem
1535 1486 1626 1554 luda,
1637 1491 1666 1543 et
1678 1505 1745 1561 pro-

65 1577 103 1632 ter,
117 1567 274 1630 remittere,
287 1564 414 1622 clariliea
424 1563 634 1636 l'iliumtuum‚
649 1569 680 1621 ut
692 1563 781 1620 Filius
795 1569 864 1620 tuus
918 1571 983 1638 pter
997 1567 1210 1638 dispersionem
1226 1568 1325 1640 populi
1338 1570 1518 1642 iudeorum,
1529 1579 1558 1630 et
1572 1574 1745 1632 scandalum

63 1655 177 1716 clariticei
189 1661 216 1711 te
230 1657 320 1726 (locro.
339 1655 421 1712 xvai:
438 1677 452 1703 ιι
469 1653 498 1708 in
522 1670 581 1726 qua
605 1670 663 1708 non
691 1651 786 1710 solum
811 1669 863 1724 pro
918 1654 1143 1728 discipulorum,
1156 1662 1185 1712 et
1197 1658 1376 1716 eversionem
1387 1659 1498 1718 miserae
1511 1662 1685 1734 Jerusalem,
1700 1665 1746 1723 his

63 1735 176 1818 apostolis
190 1744 290 1809 oravit,
303 1743 352 1799 sed
365 1741 452 1798 etiam
468 1758 520 1814 pro
540 1741 678 1796 omnihus
702 1739 754 1813 qui
769 1740 864 1796 credi·
918 1742 1016 1798 causis
1031 1745 1223 1800 contristatur
1240 1745 1391 1804 Dominus.

61 1835 102 1888 iuri
118 1836 192 1889 erant
207 1849 257 1906 per
272 1831 393 1888 verbum
409 1831 526 1886 illorum
541 1831 570 1884 in
586 1829 694 1901 ipsum.
713 1829 793 1895 Quod
811 1845 863 1884 au·
954 1854 967 1880 ιι
982 1831 1064 1886 'lune
1077 1831 1118 1888 ait
1133 1831 1209 1888 illis:
1228 1835 1333 1891 'Pristis
1345 1841 1390 1892 est
1405 1837 1505 1894 anima
1524 1855 1692 1914 meaueque
1708 1844 1745 1900 ad

61 1931 102 1976 tam
117 1923 248 1977 Dominus
263 1927 330 1994 poet
344 1936 455 1974 omnam
469 1919 499 1974 in
513 1923 643 1975 montem
659 1917 760 1973 Oliveti
781 1917 859 1984 exiit,
917 1941 930 1968 ιι
948 1925 1083 1976 mortem.
1101 1943 1115 1970 u
1131 1921 1236 1978 Errant
1251 1923 1299 1995 qui
1316 1928 1421 1996 putant
1447 1925 1601 1984 Dominum
1623 1945 1680 1986 non
1696 1947 1746 1986 ve·

61 2017 138 2082 aperie
151 2011 226 2066 dedit
241 2009 327 2066 nohis
341 2006 518 2079 exemplum,
535 2013 577 2072 ut,
592 2009 747 2078 postquam
763 2004 862 2060 divino
916 2008 1117 2065 ramanimam
1130 2011 1236 2067 habere
1247 2029 1253 2066 :
1264 2011 1376 2068 sienim
1390 2031 1447 2092 non
1461 2015 1672 2074 hahuitueram
1685 2019 1746 2076 ani·

60 2099 143 2170 pabulo
158 2098 317 2172 pascimur,
344 2097 380 2153 ed
396 2094 512 2152 eulmen
528 2097 670 2150 virtutum
686 2093 861 2166 quantocius
916 2112 1006 2164 mam,
1022 2113 1112 2168 quare
1128 2098 1216 2156 dicit:
1238 2123 1252 2150 ιι
1270 2100 1375 2158 Tristis
1389 2107 1434 2160 est
1449 2105 1549 2160 anima
1563 2123 1629 2162 mea
1651 2125 1746 2180 usque

59 2204 230 2259 properemus.
915 2184 950 2240 ad
968 2190 1092 2241 mortem
1106 2186 1120 2242 t
1136 2209 1149 2236 u
1165 2188 1199 2243 Di
1209 2189 1371 2246 notandum
1385 2195 1438 2256 esi,
1453 2191 1522 2264 quia
1532 2209 1590 2250 uon
1600 2194 1670 2250 dicit
1680 2211 1745 2269 pro·

83 2301 93 2324 ι
107 2277 179 2332 Tunc
194 2273 554 2332 dixitillisiesus20mnes
565 2289 615 2328 vos
626 2269 798 2327 scandalum
812 2288 861 2342 pa·
915 2277 979 2344 pter
993 2279 1129 2340 moriem,
1140 2277 1190 2332 sed
1206 2293 1300 2349 usque
1316 2277 1352 2332 ad
1366 2284 1501 2347 mortem,
1515 2280 1570 2338 hoc
1581 2286 1636 2351 esi,
1651 2284 1743 2342 donec

57 2389 66 2410 ι
79 2365 212 2420 tirmioiiu
223 2382 271 2421 me
281 2364 478 2420 inistauocte.
488 2386 501 2412 ιι
513 2359 743 2436 Σχινδιλονειιίιιι
752 2359 858 2428 Graece,
915 2360 1062 2432 apostolos
1085 2379 1165 2420 meos
1180 2367 1208 2420 et
1232 2381 1334 2422 omnes
1349 2369 1501 2426 eredentes
1516 2370 1657 2429 allusione
1673 2390 1743 2431 san-

59 2453 139 2511 lotine
152 2454 256 2510 dicitur
273 2453 405 2520 oilensio,
421 2453 481 2508 sive
497 2450 634 2524 impactio
649 2450 766 2522 pedum.
786 2449 860 2504 Prae·
914 2450 1013 2522 guinis
1029 2452 1086 2506 mei
1097 2452 1250 2510 redimam.
1263 2478 1276 2504 ιι
1292 2455 1438 2513 Sustinete
1449 2457 1506 2526 hio,
1519 2459 1743 2534 etvigilateme·

58 2541 594 2615 dicitenimDominusquodscandalum
603 2537 718 2612 passuri
727 2537 858 2594 essentia
915 2561 928 2587 ιι
941 2555 1018 2594 com.
1031 2563 1044 2588 ιι
1053 2540 1116 2596 Νοιι
1126 2541 1339 2617 admonetergo
1351 2545 1492 2603 Dominus
1503 2547 1633 2621 vigiliam
1643 2566 1744 2624 corpo·

57 2647 116 2699 eum,
132 2635 161 2687 ut
184 2631 320 2690 veniente
344 2631 416 2686 hora
444 2628 575 2685 scandali
591 2646 647 2684 non
671 2628 860 2700 desperarent
914 2625 965 2695 ris,
982 2645 1046 2700 quae
1063 2632 1132 2684 tuno
1146 2631 1287 2702 temporis
1303 2649 1361 2688 non
1377 2639 1449 2697 erat,
1475 2635 1525 2690 sed
1542 2637 1639 2708 potius
1653 2639 1741 2712 spiri-

59 2725 150 2792 propter
161 2720 345 2788 scandalum,
356 2719 406 2776 sed
419 2719 517 2792 potius
530 2718 565 2772 ad
579 2715 779 2790 penitentiam
792 2731 862 2770 coa·
914 2715 1022 2772 tualem
1038 2715 1167 2790 vigiliam
1184 2720 1301 2786 meniis,
1327 2737 1362 2776 ne
1377 2721 1511 2778 videlicet
1524 2740 1608 2780 meus
1623 2733 1741 2798 aposto·

57 2813 218 2866 verterentur.
235 2811 273 2865 Et
290 2806 411 2882 pulchre
435 2807 485 2874 ait,
500 2831 512 2857 ιι
528 2807 557 2862 ιιι
574 2807 631 2862 ista
646 2811 739 2872 nocte,
756 2826 770 2856 u
787 2822 859 2876 quo·
913 2801 1008 2860 lorum
1024 2805 1083 2860 eive
1096 2803 1226 2862 fidelium
1243 2823 1347 2880 sopore
1362 2807 1544 2867 infidelitatis
1558 2817 1693 2888 torperet.

58 2897 117 2952 airum
137 2898 207 2954 sicut
229 2898 285 2972 qui
302 2897 496 2968 inebriantur,
524 2895 802 2960 nocieiuebraatur,
819 2893 860 2948 ita
950 2913 964 2943 ιι
978 2893 1013 2948 Di
1039 2910 1213 2966 progressus
1240 2893 1394 2968 pusillum,
1424 2898 1549 2970 procidit
1575 2889 1739 2958 infaciem

57 2987 92 3056 qui
103 2988 263 3044 scandalum
279 2986 442 3058 patiuntur,
457 2985 591 3052 innecte,
606 2983 660 3038 hoc
670 2986 723 3050 est,
740 2981 769 3038 in
780 2987 858 3038 tene·
914 3004 928 3031 ιι
943 2998 1037 3038 ειιειιι.
1047 2982 1298 3040 »Prociditauiem
1308 2983 1741 3056 Dominusinlaciemsuam‚ut

57 3075 101 3130 tris
114 3075 322 3132 incredulitatis
334 3077 362 3130 et
377 3074 556 3147 ignorantiae,
575 3071 737 3146 patiuntur.
753 3093 768 3120 ιι
786 3069 859 3126 Sori-
913 3069 1080 3126 humilitate
1095 3071 1429 3144 eorporishumilitaiem
1440 3077 1548 3134 mentis
1558 3078 1740 3134 demonstra·

57 3163 457 3236 ‹1ptomestenim2Pereutiam
465 3165 610 3234 pastorem
619 3160 859 3231 etdispergeniur
914 3163 967 3214 rei.
986 3181 1000 3208 ιι
1013 3157 1052 3214 Mi
1066 3160 1158 3224 Pater,
1174 3182 1187 3209 ιι
1204 3161 1384 3218 Blandientis
1399 3163 1501 3219 allecto
1516 3163 1656 3238 loquitur.
1678 3189 1692 3218 ιι
1708 3167 1739 3224 Si

56 3269 127 3309 «roras
137 3255 238 3327 gregis.
252 3277 266 3304 ιι
288 3253 347 3310 Ηοε
361 3251 390 3307 in
406 3250 545 3306 Zacharia
557 3249 698 3322 propheta
713 3247 854 3319 scriptum
872 3231 893 3298 C
913 3269 927 3297 ιι
945 3245 1083 3318 possibile
1098 3251 1152 3316 esi,
1169 3251 1300 3306 transeat
1312 3267 1329 3306 a
1343 3266 1390 3307 me
1400 3250 1475 3306 calix
1485 3252 1550 3308 iste.
1564 3275 1577 3302 ιι
1589 3254 1659 3311 Orat
1672 3257 1739 3312 utsi

56 3345 94 3403 at,
108 3341 165 3398 aliis
175 3343 298 3415 quidem
312 3340 418 3406 verbis,
434 3343 512 3394 etex
527 3336 647 3392 alterius
662 3351 796 3407 persona.
815 3335 858 3390 tot
913 3335 975 3391 fieri
990 3336 1091 3408 possit,
1105 3341 1250 3408 quatenus
1262 3354 1356 3410 genus
1366 3339 1739 3401 humanumealueiursine

56 3431 113 3485 eninr
123 3432 264 3504 prophete
275 3445 402 3503 persona
413 3427 543 3500 loquitur
555 3424 754 3482 adDomiounr
766 3425 856 3496 (Zuclr.
912 3423 1048 3495 passione
1063 3441 1128 3493 sua,
1143 3429 1273 3483 transeat
1287 3427 1323 3483 oh
1334 3444 1368 3484 eo
1378 3427 1452 3484 calix
1463 3430 1620 3501 passionis,
1634 3448 1691 3488 non
1706 3433 1740 3489 ti-

56 3533 101 3572 ur:
113 3543 124 3567 ιι
136 3520 251 3576 Percote
266 3523 428 3592 pastorem,
441 3539 456 3566 ιι
471 3515 500 3571 ιιι
516 3520 561 3572 εει
572 3514 731 3582 Christum,
748 3513 797 3586 qui
813 3513 858 3568 di·
913 3515 1310 3588 menseomdempassionem
1320 3517 1739 3584 sullerre,seddolensludeos

56 3607 94 3660 cit:
105 3629 117 3656 ιι
130 3609 183 3681 Ego
199 3625 265 3665 sum
283 3609 384 3680 pastor
394 3606 489 3661 bonos
503 3605 591 3674 (locu.
607 3603 646 3676 ιι),
665 3625 675 3651 ι
691 3633 725 3642 -
742 3625 755 3652 ιι
771 3605 800 3657 ει
814 3601 857 3656 di·
912 3603 1027 3656 tantum
1040 3602 1135 3660 scelus
1148 3605 1302 3661 admittere
1312 3605 1341 3662 in
1352 3607 1489 3680 passione
1500 3625 1563 3666 sua.
1579 3609 1630 3666 Vel
1646 3615 1740 3684 potest

56 3702 200 3768 spargentur
209 3714 281 3754 oves
295 3693 423 3768 gregis»
440 3693 469 3748 id
485 3697 529 3750 est
544 3691 678 3764 apostoli,
690 3691 750 3764 qui,
760 3689 858 3746 relicto
913 3688 1146 3764 aliterintelligi:
1162 3716 1176 3742 ιι
1189 3692 1218 3750 Si
1233 3694 1371 3766 possibile
1386 3699 1441 3765 est,
1457 3701 1588 3754 trauseat
1604 3715 1678 3756 ame
1692 3716 1740 3756 ca·

55 3798 85 3843 eo.
98 3801 187 3844 omnes
204 3786 358 3861 fugerunt.
912 3776 952 3834 lix
965 3779 1028 3846 iste,
1046 3803 1059 3832 u
1077 3781 1104 3836 id
1123 3785 1178 3850 eet,
1196 3782 1219 3836 si
1235 3783 1375 3856 possibile
1389 3787 1477 3841 estut
1492 3785 1739 3860 Ninivesalvetur,

82 3874 251 3948 ·Postquam
268 3877 372 3931 autem
396 3887 588 3936 resurrexero,
619 3870 779 3942 precedam
807 3885 858 3924 vos
913 3866 969 3924 nisi
983 3869 1134 3925 cucurbita
1147 3871 1265 3940 aruerit,
1277 3871 1394 3944 hocesi,
1411 3874 1435 3930 si
1451 3873 1513 3930 lleri
1527 3879 1621 3948 potest
1632 3881 1743 3952 uigea-

57 3981 66 4006 ι
78 3959 99 4016 io
111 3961 261 4020 Galileam.
273 3985 290 4012 a
308 3959 464 4034 lmpletum
480 3967 524 4016 est
536 3960 601 4025 hoo,
618 3959 736 4032 quando
750 3957 859 4014 duode·
913 3955 1005 4012 tilitas
1015 3974 1068 4029 per
1078 3957 1246 4016 uniuersum
1257 3960 1400 4016 mundum
1410 3960 1550 4020 liberetur
1559 3963 1744 4024 sine-ludeo·

57 4047 96 4102 dm
108 4053 218 4123 apostoli
244 4057 318 4126 post
332 4049 574 4106 resurrectionem
590 4048 724 4104 abierunt
737 4046 767 4102 in
780 4045 857 4102 Gali·
914 4061 979 4100 rum
994 4043 1156 4116 perditione
1171 4051 1200 4102 et
1216 4047 1346 4116 interitu,
1360 4052 1490 4106 transeat
1504 4067 1521 4106 a
1536 4068 1582 4108 me
1593 4052 1667 4108 calix
1677 4071 1743 4127 pas-

58 4132 126 4206 lasm,
140 4139 166 4196 iu
180 4147 315 4197 montem
327 4139 377 4195 ubi
387 4137 578 4195 constituerat
587 4135 646 4193 illis
660 4137 755 4192 lesus.
771 4135 805 4190 Di
817 4135 857 4191 ui·
913 4133 1015 4190 sionis.
1027 4134 1082 4189 Sed
1093 4134 1163 4206 quia
1173 4151 1207 4190 ex
1217 4135 1387 4193 infirmitate
1397 4137 1493 4193 carnis
1504 4139 1582 4194 Patri
1591 4139 1650 4197 haec
1661 4142 1741 4197 dixe·

58 4221 134 4282 lentes
146 4245 210 4285 eum
228 4231 437 4286 adoravesuai.
914 4224 968 4289 rat,
983 4221 1102 4277 reditad
1118 4222 1329 4296 semetipsum:
1346 4229 1375 4280 ει
1390 4226 1467 4296 quod
1478 4226 1741 4298 perinfirmitatem

83 4337 92 4361 ι
107 4315 290 4390 liespondene
306 4319 403 4372 autern
418 4315 529 4382 Petrus,
546 4313 586 4370 ait
598 4312 655 4368 illi:
668 4313 702 4368 lli
716 4311 741 4370 si
756 4329 859 4369 omnes
913 4309 1116 4384 abnegaverat,
1135 4327 1170 4366 ex
1194 4310 1359 4368 Divinitatis
1376 4327 1501 4386 persona
1515 4316 1680 4383 conllrmat,
1697 4313 1741 4372 di-

59 4423 67 4445 u
80 4407 248 4463 scandalizati
261 4405 373 4462 luerint
386 4405 417 4459 in
434 4409 472 4470 te,
488 4419 541 4476 ego
553 4419 705 4474 nunquam
717 4399 859 4457 scandali·
914 4415 1002 4456 cens:
1019 4422 1032 4450 ιι
1049 4399 1255 4456 Verumtamen
1275 4417 1333 4456 aon
1348 4401 1428 4458 sicui
1440 4417 1493 4476 ego
1507 4403 1582 4470 uolo,
1598 4404 1649 4460 sed
1665 4404 1743 4462 sicut

60 4509 68 4530 ι·
81 4492 159 4549 zebor.
172 4517 182 4546 ι
200 4496 264 4552 Non
280 4491 455 4550 temeritatis
468 4490 587 4563 quidem
601 4490 662 4546 haue
677 4493 746 4546 sunt
760 4491 858 4558 verba,
915 4512 928 4540 ιι
945 4493 989 4555 tu,
1002 4510 1016 4537 ιι
1031 4488 1060 4543 id
1076 4493 1120 4544 est
1132 4491 1165 4544 ιιι
1179 4505 1237 4544 noo
1248 4487 1302 4544 hoc
1312 4489 1374 4556 fiai,
1387 4490 1464 4561 quod
1479 4507 1531 4564 ego
1542 4508 1577 4548 ex
1587 4495 1668 4564 parte
1683 4493 1742 4549 hu·

59 4577 188 4650 sipritus
198 4582 316 4641 ardoris
329 4579 437 4654 magni,
449 4596 537 4653 quem
549 4579 578 4634 iu
589 4577 745 4635 Dominum
757 4579 859 4634 Petrus
874 4601 899 4668 D
916 4575 1065 4633 munitatis
1080 4576 1193 4649 loquor,
1217 4577 1267 4633 sed
1283 4580 1402 4650 propter
1423 4578 1500 4651 quod
1517 4579 1554 4635 ad
1567 4583 1675 4637 terram
1691 4584 1742 4637 tua

60 4659 166 4727 hahebat.
177 4673 288 4730 llodem
300 4675 401 4727 autem
412 4670 523 4736 ardore,
535 4684 594 4741 quo
604 4671 633 4724 et
645 4673 748 4723 cetera
757 4668 860 4739 loque·
913 4664 1062 4723 uoluntate
1077 4664 1224 4722 descendi.

59 4751 132 4827 batur,
145 4767 171 4816 et
184 4763 322 4828 iaciebat,
347 4759 435 4816 etiam
452 4759 512 4814 haee
533 4755 717 4828 loquebatur.
735 4757 789 4812 Sed
805 4756 860 4811 Po·
950 4757 985 4811 Et
1000 4755 1077 4811 uenit
1090 4753 1297 4827 addisoipules
1311 4759 1339 4812 ei
1351 4755 1518 4813 inveniteos
1528 4756 1740 4814 dormientes.»

60 4845 114 4916 irus,
127 4848 171 4920 qui
182 4849 321 4906 infirmus
331 4853 402 4915 erat,
412 4849 448 4903 de
459 4847 628 4902 infirmitate
639 4861 693 4901 sua
701 4861 859 4918 praesume-
914 4844 987 4908 Ouia
999 4843 1132 4900 videlicet
1151 4843 1262 4917 grauati
1276 4849 1360 4902 erant
1369 4849 1429 4901 tam
1441 4845 1569 4914 tristitia,
1586 4863 1675 4918 quam
1688 4851 1743 4902 Do·

59 4927 245 4996 latDomious
258 4943 369 5005 autem,
383 4937 515 4993 omnium
529 4933 674 5003 conscius,
687 4934 764 5006 quod
782 4935 859 4989 luto·
915 4933 988 4990 mini
1004 4933 1150 5006 passione.
1169 4955 1183 4984 ιι
1199 4934 1233 4989 Et
1249 4933 1320 4990 dicit
1333 4935 1436 4990 Petro:
1462 4935 1510 4990 Sic
1526 4951 1582 4990 non
1606 4935 1744 5008 potuistis

59 5031 107 5075 tum
120 5029 175 5080 arat
189 5027 376 5101 predicebat.
914 5046 928 5074 ιι
947 5039 1007 5079 una
1021 5022 1094 5078 hora
1109 5021 1229 5095 uigilare
1244 5021 1383 5078 mecum?
1398 5045 1412 5072 ιι
1427 5025 1467 5078 Ac
1480 5021 1504 5078 si
1520 5019 1629 5079 diceret
1643 5039 1650 5079 :
1665 5025 1745 5091 Quo-

57 5141 63 5156 ·
83 5111 180 5171 «lonc
193 5115 274 5174 uenit
288 5116 375 5173 Jesus
390 5131 457 5171 cum
473 5113 532 5171 illis
547 5114 576 5169 in
591 5112 691 5169 villam
708 5130 772 5186 quea
788 5111 860 5167 dici·
916 5111 1002 5168 modo
1013 5128 1064 5184 pro
1078 5128 1125 5167 me
1140 5111 1214 5166 mori
1230 5109 1372 5183 poteritis,
1390 5111 1440 5183 qui
1457 5129 1508 5185 pro
1526 5127 1573 5168 me
1597 5129 1657 5170 una
1672 5111 1745 5172 hore

61 5213 71 5238 ι
83 5199 121 5251 ιιι
133 5201 328 5262 Dethsemaai.
341 5227 355 5256 a
371 5203 557 5261 Gethsemaoi
570 5201 654 5258 vallis
667 5206 712 5259 εει
718 5203 803 5273 juxta
815 5201 860 5258 ie·
913 5201 1035 5274 vigilare
1047 5217 1107 5256 uon
1119 5199 1278 5273 potuistis?

59 5286 172 5359 rusalem,
188 5293 217 5348 in
233 5309 296 5366 qua
309 5297 593 5364 monstratoresque
609 5291 695 5348 hodie
710 5289 792 5346 loeus
807 5290 859 5346 ubi
950 5289 1103 5363 «Vigilate
1124 5293 1152 5344 et
1177 5292 1267 5355 orate,
1284 5293 1315 5345 ut
1331 5305 1388 5345 uon
1419 5289 1536 5346 intretis
1550 5290 1581 5347 in
1607 5293 1745 5352 tentatio-

59 5365 176 5434 Dominus
202 5383 306 5450 oravit,
323 5399 387 5438 com
413 5381 534 5438 eeclesia
549 5383 796 5454 superexstructa.
813 5379 859 5434 lo·
913 5403 927 5430 ιι
939 5397 1017 5436 nem.
1028 5377 1745 5451 uimpossihileesthomiaem,quandiuinhacvita

59 5461 210 5532 terpretatur
223 5476 323 5528 autem
337 5471 524 5528 Gethsemani
542 5471 623 5526 voilia
636 5471 799 5542 priapeium,
815 5466 859 5524 vel
914 5465 1745 5542 luerit,nontentari:undeomnesiamjustiquampecca·

57 5549 309 5618 iioouetinumttoa
322 5565 420 5617 autem
433 5561 542 5616 trustra
553 5559 582 5614 in
591 5563 689 5615 monte
702 5555 859 5630 aliquando
914 5563 1002 5624 tores,
1014 5555 1437 5631 quotidielucrationedicuut:
1446 5580 1459 5608 ιι
1472 5557 1513 5614 Νε
1522 5557 1706 5615 ιιοείιιιιιιεεε
1715 5557 1744 5614 in

59 5639 149 5716 ardet,
165 5651 193 5706 et
208 5647 405 5728 aliquandoia
415 5649 498 5712 velle.
513 5649 544 5710 ln
556 5655 654 5711 moute
664 5648 773 5708 etenim
785 5651 859 5724 oret,
914 5646 1105 5708 tentationem
1114 5645 1274 5724 (licitam).
1284 5667 1298 5698 ιι
1310 5645 1373 5712 Noa
1381 5663 1450 5726 ergo
1461 5644 1590 5724 precipit
1602 5644 1745 5710 Dominus
