4018 6178
174 313 213 372 35
453 307 655 372 HAYMONlS
679 305 951 370 HALBllltS'lA'l'.
974 299 1099 366 episc.
1123 303 1212 365 OPP.
1234 301 1335 364 PARS
1358 301 1397 365 ll.
1411 311 1451 348 -'-
1465 299 1603 366 HOlilL.
1849 297 1891 358 36

173 443 284 500 lumine
300 445 367 498 ants
383 440 489 498 sucula
504 445 617 507 natum,
630 457 745 496 carnem
763 441 792 494 in
809 440 866 494 ime
882 431 1000 494 s'aculo·
1013 434 1042 504 Α
1058 435 1130 502 Fiat,
1148 435 1253 508 inquit,
1271 434 1334 491 sine
1348 433 1401 490 viri
1415 433 1528 492 semine
1542 434 1702 504 conceptus
1718 431 1747 486 iu
1763 429 1889 504 virgine,

173 537 346 604 rumatque
358 530 487 586 animam
500 530 580 587 nullo
593 529 702 603 peccati
714 530 842 602 pondere
852 531 1002 600 gravatam
1059 527 1198 585 nascatur
1220 525 1255 579 de
1278 523 1387 596 Spiritu
1404 528 1504 580 saneto
1520 522 1635 595 integra
1650 535 1727 575 caro.
1745 519 1890 576 Sanctum

174 619 359 693 suscipiet,et
372 619 407 676 de
423 622 505 674 utero
520 618 656 694 virginali
671 623 814 690 tanquam
831 633 957 689 sponsus
968 615 1003 670 de
1058 614 1135 686 qrrod
1153 613 1284 670 nascitur
1299 613 1333 668 de
1349 612 1467 668 homine
1480 609 1653 677 nratre‚sine
1663 608 1782 664 homine
1793 613 1889 681 patre,

174 708 304 765 thalamo
320 724 373 763 suo
390 707 525 780 procedet
541 707 571 762 in
587 706 745 763 mundum.
1056 707 1175 760 vocetur
1188 703 1238 759 Dei
1256 700 1357 759 Filius,
1641 695 1643 704 ‘

209 819 223 848 ιι
240 797 366 868 ideoque
381 799 409 852 et
425 797 503 869 quod
519 799 658 853 nascetur
672 799 748 852 exte
762 794 1003 860 Sanctum,voca·
1366 817 1518 874 HOMILIA
1536 817 1569 872 v·

176 906 190 941 ιι
203 886 284 942 bitur
298 883 389 941 Filius
404 883 465 940 Dei.
479 906 493 935 ιι
507 885 549 940 Ad
565 883 783 940 distinctionem
800 888 905 938 nostra
921 898 1003 938 saue·

172 975 274 1042 titatis,
291 975 379 1031 Jesus
394 973 584 1047 singulariter
599 976 718 1028 sanctus
738 972 906 1029 nasciturus
922 987 1001 1027 asse·
1624 1033 1627 1040 Ι

172 1063 256 1119 ritnr.
273 1063 331 1119 Nos
347 1062 455 1136 quippe
471 1065 498 1118 et
513 1063 537 1117 si
554 1061 648 1117 sancti
664 1060 820 1129 allicimur,
832 1063 1001 1116 nontamen
1091 1059 1171 1124 (Luc.
1182 1061 1215 1127 ι.)
1230 1057 1354 1115 «Initio
1370 1062 1512 1131 tempore,
1524 1073 1684 1131 exsurgens
1699 1056 1800 1122 Maria,
1813 1057 1889 1113 abiit

171 1149 615 1228 nascimurqquiaipsanature
626 1148 824 1226 corruptibilis
835 1147 1001 1205 conditione
1056 1170 1070 1197 ιι
1087 1147 1116 1203 iu
1132 1151 1271 1204 montana
1287 1164 1354 1203 cum
1371 1147 1556 1204 testinatione
1573 1147 1601 1202 in
1617 1144 1765 1202 civitatem
1788 1146 1885 1212 lude,

171 1239 412 1312 constringimur,
430 1242 462 1294 ut
486 1240 590 1296 merito
607 1255 674 1295 cum
691 1237 836 1311 Propheta
850 1240 1000 1312 gementes
1056 1259 1070 1286 ιι
1084 1241 1112 1292 et
1126 1235 1248 1310 reliqua.
1263 1259 1276 1287 ιι
1290 1238 1414 1310 Accepto
1429 1235 1559 1309 Virginis
1575 1251 1731 1301 consensu,
1748 1251 1815 1290 mox
1830 1253 1886 1290 an-

1203 933 1287 974 rutila
1307 933 1394 974 SEXTA
1413 933 1547 980 QUATUOR
1565 931 1736 972 Taurunum.

171 1328 278 1402 singuli
295 1328 428 1384 dicamus
440 1345 447 1384 τ
461 1350 475 1378 ιι
487 1329 560 1384 Dece
574 1328 602 1384 in
618 1325 826 1402 iniquitatibus
842 1330 1001 1398 conceptus
1054 1325 1138 1399 gelus
1151 1325 1280 1382 coelestia
1295 1325 1398 1400 repetit
1415 1343 1421 1382 :
1438 1323 1490 1380 illa
1510 1324 1581 1398 petit
1596 1328 1746 1392 montana,
1764 1324 1885 1380 festinat

171 1421 283 1484 sum,et
296 1417 325 1471 ia
341 1415 455 1472 delictis
471 1416 583 1490 peperit
598 1431 644 1472 me
655 1419 749 1474 mater
760 1432 825 1472 mea
835 1415 920 1486 (Psoi.
936 1417 973 1484 a).
986 1437 999 1464 u
1053 1413 1178 1470 invisere
1194 1415 1417 1484 Elisabethnou
1434 1397 1517 1486 quasi
1535 1411 1686 1469 incredula
1702 1413 1736 1468 de
1751 1411 1881 1477 oraculo,

170 1507 219 1562 llle
234 1509 331 1564 autem
348 1506 429 1562 solrrs
442 1505 584 1560 veraciter
596 1507 715 1559 sanctus
730 1503 843 1576 estqui
861 1503 998 1576 utipsam
1053 1503 1097 1558 vel
1112 1503 1202 1559 dubia
1216 1503 1251 1559 de
1266 1503 1397 1576 exemplo
1415 1521 1421 1558 τ
1439 1503 1489 1558 scd
1506 1505 1539 1558 ut
1554 1502 1619 1557 laeta
1633 1519 1685 1575 pro
1710 1506 1785 1566 roto,
1812 1502 1884 1556 reli·

169 1595 364 1652 conditionem
382 1599 493 1648 nature
507 1590 706 1664 corruptibilis
720 1591 904 1660 vinceret,ex
919 1609 998 1648 com·
1053 1592 1136 1665 glosa
1151 1609 1202 1666 pro
1218 1593 1324 1658 oiircio,
1351 1593 1481 1666 typicum
1507 1591 1615 1665 pariter
1640 1591 1805 1664 exemplum
1828 1591 1883 1646 tri-

150 1673 152 1678 ’
169 1683 306 1740 mistione
321 1681 449 1738 carnalis
464 1680 575 1753 copula
591 1685 750 1752 conceptus
766 1697 824 1736 nou
835 1685 888 1736 ost.
900 1705 913 1732 ιι
926 1683 998 1737 San·
1053 1681 1158 1748 bueus,
1174 1682 1253 1754 quod
1277 1681 1373 1738 omnis
1389 1680 1488 1737 anima
1504 1697 1567 1753 que
1581 1680 1703 1736 verbum
1720 1679 1769 1735 Dei
1784 1684 1884 1736 mente

168 1793 182 1824 «
195 1777 285 1841 ctum,
297 1771 405 1843 inquit,
417 1769 569 1826 vocabitur
584 1768 675 1825 Filius
692 1769 752 1826 Dei.
773 1791 782 1818 n
802 1769 876 1835 Quid
893 1770 928 1825 ad
944 1771 998 1826 hoc
1013 1805 1036 1871 B
1054 1769 1225 1844 conceperit,
1243 1769 1385 1826 virtutum
1401 1768 1479 1826 celsa
1493 1769 1593 1824 statim
1609 1769 1763 1826 cacumina
1777 1785 1883 1842 gressu

168 1860 251 1926 dicis,
259 1859 440 1928 Nestorisue,
449 1859 498 1932 qui
510 1857 626 1914 beatam
637 1859 760 1915 Mariam
771 1857 821 1914 Dei
832 1873 921 1932 negas
933 1875 996 1917 csse
1051 1859 1229 1916 conscendat
1244 1859 1362 1926 amoris,
1375 1862 1520 1931 quatenus
1536 1857 1680 1913 civitatem
1696 1857 1778 1913 Jude
1794 1856 1823 1912 id
1835 1862 1883 1913 est

168 1947 349 2022 genitricem,
372 1952 470 2021 aptam
497 1947 599 2004 niteris
623 1947 797 2022 impugnare
819 1949 996 2004 veritatemi
1050 1948 1243 2004 consessionis
1259 1951 1288 2002 et
1313 1947 1420 2016 laudis,
1439 1963 1535 2004 arcem
1562 1949 1724 2019 penetrare,
1739 1950 1768 2002 et
1784 1962 1881 2018 usque

167 2039 240 2095 Dece
254 2038 328 2094 dixit
345 2039 434 2093 Deum
451 2037 765 2108 superventurum‚Dei
779 2034 884 2093 Filium
900 2038 996 2094 nasei·
1050 2037 1086 2093 ad
1102 2037 1308 2110 perfectionem
1326 2036 1403 2103 odet,
1423 2035 1484 2108 spei
1501 2040 1529 2092 et
1544 2034 1706 2102 charitatis,
1723 2034 1807 2108 quasi
1822 2035 1880 2090 tri-

168 2131 277 2182 torum.
289 2126 438 2193 Quomodo
453 2142 521 2197 ergo
538 2130 589 2182 aut
605 2125 653 2181 Dei
671 2125 760 2181 Filius
777 2130 852 2182 Deus
868 2143 924 2181 non
940 2131 994 2194 est,
1050 2126 1106 2182 bus
1121 2127 1150 2182 iu
1168 2143 1202 2182 ea
1217 2127 1370 2182 mensibus
1385 2124 1479 2182 valcat
1494 2125 1679 2181 commorari.

168 2223 218 2274 aut
233 2234 295 2290 que
311 2217 403 2272 Deum
417 2215 519 2282 edidit,
535 2215 681 2289 quomodo
698 2224 824 2284 euertere,
840 2215 868 2270 id
885 2220 929 2271 est
944 2215 994 2271 Dei
1085 2239 1099 2266 «
1116 2217 1151 2271 Et
1173 2214 1294 2272 intravit
1316 2213 1346 2270 in
1370 2215 1489 2271 domum
1507 2213 1662 2281 Zachariae,
1688 2217 1716 2270 et
1738 2213 1880 2270 salutavit

169 2305 297 2362 Genitria
313 2322 371 2362 non
387 2321 451 2361 csse
465 2305 584 2379 potest?
1050 2327 1064 2356 ιι
1080 2305 1241 2361 Elisabeth.
1259 2327 1273 2354 n
1288 2304 1382 2370 Disce,
1398 2303 1490 2377 virgo,
1506 2302 1702 2359 humilitatem
1719 2302 1826 2370 Mariae,
1844 2309 1879 2360 ut

148 2400 153 2407 ’
206 2415 219 2445 ιι
235 2395 269 2450 ut
283 2411 349 2450 ecce
366 2393 511 2450 Elisabeth
526 2397 649 2467 cognata
664 2397 725 2460 tua,
742 2399 771 2449 et
784 2393 848 2467 ipsa
863 2393 995 2465 concepit
1049 2398 1078 2450 et
1095 2409 1214 2466 corpore
1230 2397 1320 2460 casta,
1334 2397 1362 2448 et
1378 2395 1493 2466 pectore
1509 2391 1605 2466 possis
1620 2407 1683 2448 esse
1700 2392 1811 2449 devota.
1827 2393 1878 2447 Vi-

148 2479 154 2498 ”
168 2507 182 2535 ιι
200 2483 293 2539 lilium
308 2483 338 2538 in
354 2487 503 2539 senectute
519 2499 583 2539 sua.
599 2483 634 2539 ut
648 2482 696 2539 hic
710 2483 821 2540 mensis
836 2487 881 2540 est
895 2486 994 2540 sextus
1049 2484 1118 2540 sitot
1129 2482 1232 2556 junior
1251 2481 1408 2548 seniorem,
1424 2481 1533 2538 salutat
1547 2481 1627 2555 virgo
1642 2497 1773 2538 uxorem.
1790 2481 1879 2538 Decet

170 2595 184 2624 ιι
199 2571 241 2628 illi
257 2589 321 2645 quae
332 2574 452 2628 vocatur
468 2571 586 2640 sterilis,
597 2571 666 2646 quia
677 2588 736 2628 non
747 2571 802 2627 erit
812 2571 994 2644 impossibile
1049 2573 1126 2629 enim
1143 2575 1175 2628 ut
1190 2589 1247 2644 quo
1262 2571 1369 2626 castior
1382 2570 1474 2645 virgo,
1496 2587 1528 2626 eo
1553 2568 1591 2626 sit
1606 2569 1746 2626 humilior
1762 2587 1767 2624 :
1785 2575 1814 2626 et
1828 2587 1877 2626 se-

168 2685 182 2712 «
200 2661 276 2734 apud
294 2666 384 2718 Deum
407 2677 493 2718 omne
513 2661 646 2717 verbum.
665 2683 678 2710 ιι
695 2661 735 2716 Ne
750 2661 830 2732 virgo
846 2677 876 2716 se
893 2677 994 2734 parere
1049 2647 1183 2717 niorstrus
1198 2661 1336 2716 honorem
1353 2659 1634 2726 deterens,habitum
1650 2658 1792 2716 rastitatis
1804 2677 1877 2734 pree-

169 2767 253 2821 posse
268 2749 391 2818 dilildat,
404 2749 516 2822 accepit
527 2749 692 2824 exemplum
709 2766 784 2806 anus
798 2748 906 2805 sterilis
917 2749 993 2823 pari·
1049 2750 1133 2806 conia
1161 2748 1345 2806 commendet
1373 2747 1558 2804 humilitatis.
1582 2747 1694 2804 Aliter:
1720 2748 1812 2804 illaria
1837 2750 1874 2804 ad

167 2841 290 2908 cureat.
304 2837 397 2894 discat
412 2836 511 2894 omnia
525 2837 583 2894 Deo
596 2835 757 2911 possibilia,
767 2837 854 2894 etiam
866 2853 930 2910 quae
942 2853 993 2893 ua·
1048 2838 1209 2906 Elisabeth,
1226 2837 1370 2894 Dominus
1395 2838 1431 2894 ad
1453 2836 1604 2895 loannem.
1623 2837 1698 2906 Har,
1716 2841 1749 2892 ut
1763 2837 1875 2910 Spiritu

167 2931 240 2982 tura
256 2925 350 2982 ordini
366 2926 503 2982 videntur
518 2941 581 2983 esse
608 2925 763 2982 contraria.
780 2926 808 2982 Si
825 2942 911 2998 quem
927 2941 993 2984 vcro
1048 2931 1149 2986 sancto
1165 2925 1320 3000 repleatur,
1346 2925 1426 2982 illius
1448 2917 1479 2982 ul
1504 2926 1650 2998 baptismo
1676 2931 1871 2984 consecretur.

168 3019 273 3083 movet,
289 3015 435 3088 quomodo
450 3015 540 3071 beata
556 3015 652 3071 Maria
668 3019 822 3090 cognatam
841 3015 921 3072 dicat
935 3013 993 3074 Eli·
1048 3017 1252 3090 italorumque
1266 3014 1442 3084 humiliatio,
1457 3015 1604 3072 minorum
1621 3018 1664 3072 cst
1680 3016 1781 3088 utique
1795 3014 1873 3072 exal·

167 3104 282 3170 sabeth,
299 3119 365 3160 cum
391 3103 451 3159 hec
475 3104 510 3159 de
532 3104 619 3160 domo
644 3105 744 3176 David,
760 3103 807 3161 illa
825 3105 861 3162 de
876 3105 993 3164 tiliabus
1047 3107 1129 3164 tatio.
1143 3105 1273 3177 Denique
1288 3103 1422 3176 sequitur
1438 3121 1444 3161 z
1495 3161 1507 3186 ,

166 3195 261 3250 Aaron
278 3193 420 3267 originem
437 3194 569 3254 duxerat.
580 3195 794 3250 animadvertat
809 3211 930 3268 proavos
946 3211 991 3252 ea·
1008 3171 1030 3238 C
1085 3219 1099 3245 ιι
1116 3197 1151 3251 Et
1167 3195 1275 3250 lactum
1292 3197 1337 3248 est
1359 3195 1392 3248 ut
1416 3191 1526 3249 audivit
1548 3193 1754 3251 salutationem
1775 3195 1873 3252 Maris

167 3299 232 3339 rum
248 3282 348 3340 liberis
370 3281 493 3338 invicem
518 3288 644 3356 nuptum
661 3283 787 3350 traditis,
804 3286 928 3355 utraque
942 3284 993 3339 tri·
1049 3308 1062 3336 ιι
1082 3282 1238 3348 Elisabeth,
1254 3280 1409 3336 exsultarit
1428 3281 1525 3338 inians
1544 3281 1574 3338 in
1590 3287 1672 3340 utero
1687 3283 1762 3355 ejus.
1778 3285 1814 3340 lii
1828 3301 1874 3342 re-

162 3373 238 3428 'bnm
255 3372 385 3443 potuisse
399 3371 647 3444 conjungerecui
659 3371 681 3425 si
695 3370 755 3426 haee
770 3370 910 3442 expositio
921 3371 994 3428 torte
1050 3395 1064 3426 ιι
1080 3371 1156 3444 pieta
1170 3375 1215 3428 est
1230 3369 1340 3444 Spiritu
1357 3374 1457 3426 sancto
1473 3370 1631 3429 Elisabeth.
1654 3395 1667 3422 ιι
1680 3372 1752 3430 Vide
1766 3373 1874 3430 distin-

168 3477 226 3516 nou
242 3459 389 3515 sufficeret
404 3459 585 3514 contentiose
596 3459 848 3531 insistenti‚quasi
860 3459 914 3516 hoc
925 3476 994 3516 con·
1048 3461 1186 3525 etionem,
1216 3458 1459 3534 singulorumque
1486 3460 1640 3518 verborum
1669 3462 1873 3536 proprietates.

167 3554 213 3604 tra
227 3545 413 3603 interdictum
424 3547 498 3620 legis
510 3547 570 3602 heri
582 3548 754 3620 nequivrrit,
763 3546 841 3621 legat
852 3547 992 3617 uxorum,
1048 3551 1154 3606 Vocem
1171 3549 1251 3623 prior
1270 3547 1415 3605 Elisabeth
1432 3549 1552 3617 audivit,
1569 3551 1618 3606 sed
1641 3552 1770 3608 Joanncs
1794 3553 1875 3626 prior

168 3637 218 3694 ubi
235 3636 377 3708 scriptum
394 3639 438 3691 est
454 3652 461 3691 τ
479 3658 492 3686 ιι
509 3635 628 3708 Accepit
642 3640 741 3692 autem
762 3639 859 3692 Aaron
874 3653 994 3694 uxorem
1048 3639 1173 3713 gratiam
1189 3636 1299 3694 sensit:
1316 3637 1368 3694 illa
1392 3643 1502 3696 natura
1527 3639 1659 3696 ordinem
1679 3641 1800 3708 audivit,
1818 3642 1874 3699 iste

170 3713 326 3791 Diisabeth
352 3721 403 3779 lilii
427 3724 601 3793 Aminadab,
623 3741 752 3782 sororem
778 3725 904 3793 Nasson,
931 3744 994 3800 que
1049 3727 1203 3784 exsultavit
1218 3727 1330 3783 ratione
1345 3727 1560 3800 mysteriizilla
1575 3729 1672 3784 Maria
1687 3729 1742 3786 iste
1756 3731 1872 3787 Domini

169 3813 281 3890 peperit
299 3811 324 3870 ei
338 3813 450 3882 Nadab,
467 3813 550 3878 Abiu,
567 3813 695 3883 Eleazar,
712 3820 741 3870 et
757 3815 885 3872 ithamar
897 3817 993 3887 (Exuit,
1050 3817 1141 3874 sensit
1155 3817 1322 3873 adventum.
1334 3816 1398 3872 lstae
1414 3815 1538 3890 gratiam
1554 3815 1723 3890 loquuntur,
1737 3818 1779 3874 illi
1792 3819 1874 3876 intus

168 3905 219 3976 vr).
235 3925 249 3952 »
264 3901 427 3974 Videatque
450 3906 517 3958 ante
538 3901 667 3958 edictum
692 3902 766 3979 legis
787 3921 914 3978 superna
928 3921 999 3978 pro·v
1049 3909 1207 3980 operantur
1220 3904 1337 3978 pietatis
1357 3905 1539 3978 mysterium,
1557 3911 1715 3979 autequam
1731 3907 1874 3964 maternis

105 4057 112 4066 ι
168 3991 279 4050 cisione
290 3989 500 4047 sacerdotalem
511 3991 600 4064 regali
607 3993 669 4064 jam
677 3993 811 4063 junctam
826 3994 918 4050 tuisse
929 4011 995 4067 pro·
1050 3995 1223 4052 adoriuntur
1231 3994 1418 4066 profectibus,
1426 3993 1742 4067 dupliciquemiraculo
1751 3996 1875 4070 prophe·

169 4077 478 4155 geniem,utvidelicet
489 4079 631 4137 Dominus
643 4079 729 4136 lesus
740 4080 937 4154 Christus,qui
950 4099 995 4138 se·
1050 4089 1114 4141 tant
1129 4088 1237 4140 matres
1252 4083 1356 4158 spiritu
1373 4081 1571 4156 parvulorum.
1587 4083 1748 4141 Exsultavit
1762 4085 1871 4155 iulans,

169 4169 299 4226 cundum
310 4184 427 4225 carnem
441 4184 528 4224 verus
540 4183 589 4224 rex
604 4171 632 4224 et
642 4169 777 4224 sacerdos
788 4173 852 4225 erat
867 4171 994 4236 iuturus,
1049 4175 1077 4228 et
1091 4172 1201 4245 repleta
1214 4176 1259 4228 est
1273 4176 1375 4227 mater.
1383 4171 1445 4228 Non
1458 4170 1537 4244 prius
1553 4178 1647 4228 mater
1661 4173 1873 4248 repleta,quam

169 4259 263 4333 ipsam
280 4274 396 4331 quoque
411 4273 529 4313 caruem
544 4257 579 4312 de
594 4262 728 4330 utraque,
738 4257 828 4315 David
843 4258 953 4315 scilicet
967 4264 996 4317 et
1049 4260 1137 4317 iilius.
1154 4261 1210 4317 Sed
1225 4277 1292 4316 cum
1307 4259 1385 4316 filius
1400 4263 1477 4318 essct
1492 4261 1619 4333 repletus
1635 4261 1745 4336 Spiritu
1761 4269 1873 4335 sancto,

169 4353 274 4417 Aaron,
290 4347 378 4420 stirpe
394 4345 565 4418 susciperet.
580 4345 662 4402 Unde
683 4351 712 4403 et
733 4347 762 4403 iu
789 4347 844 4404 hoc
870 4352 995 4422 utraque
1050 4348 1170 4423 replevit
1184 4352 1213 4406 et
1228 4352 1362 4406 matrem.

169 4439 247 4495 tribu
260 4435 390 4493 chrisme
399 4435 555 4509 perlegam
566 4436 721 4510 mysticum
731 4437 993 4506 celebratur,Chri-
1087 4461 1100 4489 ιι
1116 4439 1151 4494 ut
1161 4435 1333 4494 exclamavit
1347 4453 1416 4494 voce
1431 4455 1547 4513 magua,
1565 4444 1593 4496 et
1607 4440 1680 4496 dixit
1695 4459 1702 4497 ;
1719 4442 1875 4502 Benedicta

170 4527 206 4584 sti
215 4524 355 4581 nimirum
366 4523 649 4596 nominispariteret
659 4527 996 4600 generationispraenun-
1011 4543 1033 4608 ῃ
1049 4551 1062 4578 ιι
1080 4531 1111 4583 tu
1128 4525 1365 4594 intermulieres,
1383 4531 1409 4584 et
1431 4526 1603 4584 benedictus
1628 4530 1742 4588 tructus
1763 4534 1876 4590 ventris

169 4615 263 4671 tium:
280 4613 385 4685 etipse
402 4613 488 4668 David
505 4614 625 4670 domum
644 4615 690 4670 Dei
706 4613 994 4689 ingrediens,pauem
1050 4639 1064 4668 ιι
1080 4616 1134 4672 tui.
1147 4638 1161 4666 »
1173 4615 1339 4672 Notandum
1350 4617 1427 4689 quod
1442 4617 1625 4689 praemissam
1637 4619 1672 4674 de
1682 4619 1796 4677 Christo
1809 4639 1875 4695 pro-

169 4705 304 4769 sanctum
319 4705 348 4756 et
361 4701 490 4774 gladium
506 4703 591 4775 quasi
608 4719 656 4758 rex
678 4715 706 4758 et
720 4704 855 4760 sacerdos
872 4705 992 4778 accepit,
1049 4705 1191 4778 phetiam,
1208 4721 1266 4760 uon
1281 4719 1379 4762 rerum
1395 4710 1510 4762 tautum
1527 4705 1688 4776 miraculis,
1705 4710 1756 4766 scd
1772 4715 1800 4766 et
1814 4728 1876 4766 ver·

168 4789 780 4849 illumvideliectdesuosemineveuturum
791 4794 992 4867 prefigurans,
1048 4795 1152 4850 borum
1170 4793 1344 4866 proprietate
1359 4794 1572 4868 complectitur.
1588 4795 1645 4853 lste
1660 4801 1705 4853 cst
1718 4797 1796 4854 enim
1813 4799 1876 4856 iru-

169 4880 221 4952 qui
236 4885 264 4936 et
279 4897 330 4952 pro
348 4883 444 4936 vestra
468 4879 601 4937 libertate
623 4879 700 4953 regis
711 4879 779 4950 jure
795 4886 947 4954 pugnaret,
965 4886 994 4938 et
1048 4883 1181 4954 ctue,qui
1194 4881 1281 4940 David
1293 4883 1463 4956 patriarchae
1475 4885 1530 4941 sub
1542 4885 1737 4957 jurejurando
1752 4889 1875 4961 promit-

169 4985 221 5042 pro
235 4973 331 5023 vestra
343 4967 488 5024 libertatis
503 4969 686 5026 absolutione
701 4985 807 5043 panem
823 4985 881 5026 suae
897 4971 994 5027 carnis
1049 4973 1121 5028 titur
1138 4989 1144 5026 :
1161 4993 1176 5022 ιι
1192 4972 1232 5028 De
1248 4971 1344 5029 fructu
1359 4973 1469 5029 ventris
1484 4976 1525 5030 tui
1541 4991 1650 5047 ponam
1670 4993 1759 5050 super
1773 4978 1875 5034 sedem

169 5055 294 5113 offerret.
1048 5066 1129 5118 tuam
1146 5061 1230 5134 (Psoi.
1253 5065 1390 5128 canario>
1406 5060 1560 5137 Simulque
1584 5063 1768 5130 intuendum.
1795 5069 1875 5140 qarod

206 5169 219 5196 ιι
236 5145 314 5201 Dixit
329 5149 426 5202 autem
443 5145 534 5202 Maria
550 5164 556 5202 :
573 5149 645 5206 Ecce
668 5149 774 5206 ancilla
798 5149 926 5217 Domini,
944 5150 994 5206 liat
1048 5151 1149 5206 eadem
1164 5167 1233 5206 voce
1249 5149 1340 5206 Maria
1355 5148 1391 5205 ab
1407 5149 1566 5220 Elisabeth,
1580 5170 1639 5226 qua
1652 5171 1669 5210 a
1684 5153 1812 5224 Gabriel,
1824 5157 1875 5212 be·

170 5257 185 5287 ιι
201 5233 273 5291 mihi
288 5234 450 5290 secundum
463 5235 583 5291 verbum
598 5239 694 5293 tuum.
707 5261 721 5289 u
733 5237 846 5304 Quanta
860 5253 928 5294 cum
944 5239 994 5295 de·
1048 5239 1203 5310 aedicitur,
1220 5241 1365 5311 quatenos
1380 5243 1408 5294 et
1423 5241 1535 5314 angelis
1551 5245 1579 5298 et
1603 5241 1774 5300 hominibus
1788 5261 1875 5300 vene·

92 5343 93 5346 ¹
169 5325 284 5380 votione
298 5321 461 5391 humilitas,
486 5340 550 5395 qua
565 5327 594 5379 et
609 5325 703 5399 angeli
717 5327 895 5399 promissum
912 5333 995 5400 optat
1049 5327 1150 5396 reuda,
1167 5331 1196 5383 et
1209 5325 1323 5383 cunctis
1339 5327 1444 5389 merito
1463 5330 1580 5386 leminis
1596 5334 1776 5404 praeterendo
1791 5351 1875 5391 mou-

169 5411 295 5486 impleri,
312 5416 340 5468 et
361 5411 489 5484 seipsam
512 5429 575 5486 que
591 5418 686 5468 mater
700 5413 826 5489 eligitur,
844 5421 996 5490 nuncupat
1049 5421 1167 5474 stratur.

170 5500 507 5572 ancillam,apertissime
518 5502 674 5558 insinuans
687 5503 756 5576 quia
771 5503 845 5561 nihil
861 5503 918 5562 sibi
934 5523 995 5563 me·
1084 5527 1098 5556 ιι
1115 5505 1150 5561 ut
1165 5503 1242 5559 uude
1261 5502 1315 5561 hoc
1331 5505 1415 5578 mihi,
1426 5511 1459 5563 ut
1472 5509 1569 5566 veniat
1579 5513 1674 5568 mater
1687 5511 1804 5570 Domini
1817 5514 1875 5570 mei

43 5651 47 5662 ,
64 5645 68 5648 .
171 5590 219 5656 riti
233 5591 360 5652 vindicet
374 5589 403 5648 iu
420 5607 464 5658 co,
474 5591 551 5666 quod
567 5590 681 5650 Domini
694 5591 789 5670 jussis
804 5594 994 5658 obsecundet.
1049 5617 1064 5648 ιι
1080 5595 1115 5652 od
1133 5607 1178 5650 mc
1188 5590 1202 5648 l
1214 5613 1228 5642 ι»
1244 5591 1307 5652 Non
1319 5596 1402 5673 quasi
1418 5598 1516 5658 nescia
1530 5599 1683 5678 perquirit,
1692 5601 1770 5678 quod
1785 5602 1875 5662 nlmi-
