3988 6180
101 277 164 386 ree
320 371 325 379 .
734 316 909 381 eortina·
931 313 984 378 nr
1005 313 1178 380 elucere.
1746 311 1807 378 rer

102 453 179 513 euim
189 467 226 512 ex
239 451 603 527 aonuodcemdccltitttc,
615 452 775 510 miserunt:
788 451 927 508 hanovere
940 447 1138 523 Alionegelio
1160 449 1253 506 dieid:
1280 469 1296 503 ιι
1309 447 1511 508 steterimus
1534 447 1664 506 heminis
1686 448 1805 524 negeles

102 545 140 600 de
151 541 277 616 penurie
290 557 345 604 suu
366 543 445 616 qued
469 542 582 609 habuit,
605 541 689 600 misit
706 547 803 598 totum
816 541 925 598 vicitur
980 554 1059 607 snos,
1075 537 1256 612 etooiiigaet
1275 539 1311 596 de
1338 553 1429 612 regne
1450 538 1515 610 ejus
1542 538 1643 595 omnis
1668 537 1806 596 nonduin
1926 555 1928 560 ’

102 647 190 690 suem
204 629 652 704 tiderc.m1).llujnemer·gerite
675 628 925 704 pulchritudinem
982 629 1086 700 (mut.
1101 628 1172 698 xm).
1191 649 1205 678 ιι
1230 629 1266 684 iit
1288 629 1359 685 item
1383 625 1419 684 de
1439 627 1559 684 muniis
1580 642 1646 700 qun
1667 625 1806 684 inimicus

103 719 274 778 merissima
283 721 317 776 N.
329 720 506 792 cujushodie
516 721 649 778 iesdvem
659 717 842 776 celebremus
851 717 929 774 iesti-
981 717 1070 774 humo
1084 717 1329 790 superseminavit
1339 715 1446 782 tritico,
1457 716 1653 790 interrogatus
1668 716 1728 772 aii:
1742 714 1808 776 «si,-

101 809 233 877 vitutem,
255 808 358 866 multis
371 808 481 866 divitiis
504 809 584 867 detis
603 806 791 881 compararit,
809 807 927 880 quande
982 807 1042 862 uite
1056 811 1182 878 utreque
1196 821 1325 864 creseere
1340 821 1435 879 nsque
1445 808 1483 864 ed
1497 821 1636 872 messem,
1651 809 1680 862 et
1694 806 1724 862 in
1736 809 1808 862 tem·

102 915 154 972 pro
169 899 236 970 ejus
251 912 350 957 amors
376 898 457 971 regni
479 896 642 971 potantium
666 896 883 968 derelinquens.
900 897 929 951 et
982 911 1051 969 pere
1067 895 1172 954 messis
1187 897 1281 953 dicem
1299 896 1496 972 messoribus:
1519 893 1654 970 colligite
1677 893 1805 968 primum

101 986 926 1060 tinorumregniismetrimeniiepernens,edeponteneem
982 983 1808 1058 emenianliigateeeinfesciculosedcomburendumtri-

101 1164 211 1222 terreni
217 1161 930 1238 coniugiumcontempsiteponsesffeeteesiregis
984 1163 1116 1236 idipsum
1127 1164 1260 1236 estquod
1273 1163 1343 1219 elliu
1354 1161 1491 1220 dieitura
1507 1163 1643 1220 Domino:
1657 1184 1670 1213 ιι
1682 1161 1753 1220 Cum
1765 1179 1808 1220 se·

101 1251 251 1308 ccelesiis:
272 1255 302 1306 et
316 1267 382 1323 qum
405 1249 580 1312 noluiteurn
595 1255 710 1310 terreno
726 1267 793 1323 rege
808 1263 929 1324 regnare
983 1253 1060 1310 derit
1072 1251 1163 1309 Filius
1178 1251 1346 1308 hominiein
1357 1253 1426 1308 sede
1436 1250 1599 1324 mejestatis
1609 1255 1677 1313 sem}
1690 1265 1809 1324 congre·

101 1342 132 1397 in
148 1340 274 1406 mnodo,
285 1344 464 1411 regnatum
480 1339 595 1398 Christo
610 1340 640 1395 in
652 1339 733 1396 ereio.
746 1340 781 1396 llt
794 1339 864 1411 qnia
882 1353 932 1394 ee·
984 1342 1133 1415 gebuntur
1147 1344 1214 1397 ante
1228 1355 1296 1398 enm
1310 1355 1413 1398 ornnes
1427 1345 1538 1412 gentas,
1553 1337 1583 1396 ei
1597 1338 1745 1414 sennenn
1759 1355 1809 1395 ees

101 1429 264 1488 lutationes
278 1433 307 1486 et
322 1428 420 1486 officie
435 1428 544 1502 retegit
556 1428 700 1504 regalium
714 1427 930 1498 ministrorum,
985 1431 1022 1488 air
1037 1429 1174 1496 invicem,
1189 1430 1268 1486 siout
1284 1429 1395 1503 'peston
1416 1434 1551 1502 segreget
1578 1445 1645 1486 oves
1659 1428 1696 1485 eb
1717 1427 1810 1484 hedis

101 1519 346 1576 ndnietratnsno
359 1533 426 1574 oum
442 1518 570 1592 Christo,
582 1517 932 1591 coniunctacmtibusen-
985 1519 1088 1590 (iiottt
1113 1519 1189 1591 xire),
1203 1539 1217 1570 ιι
1242 1523 1296 1576 ete.
1324 1521 1355 1576 ln
1372 1535 1409 1576 eo
1427 1523 1525 1576 autem
1550 1519 1627 1592 quod
1651 1516 1808 1574 subditur:

100 1608 248 1682 geiorum.
265 1607 300 1664 lit
314 1603 379 1663 ideo
394 1606 518 1681 dignum
537 1613 591 1674 eet,
609 1611 642 1664 ut
664 1607 716 1679 qui
740 1605 931 1678 temporalem
986 1631 1000 1660 ιι
1013 1609 1054 1666 llsi
1065 1608 1121 1665 erit
1130 1607 1218 1666 fietus
1228 1607 1547 1676 eistridondentlum‚a
1554 1605 1809 1679 Mandonii·

101 1696 240 1771 reginem
254 1695 470 1754 honoredebito
480 1710 663 1762 veneramur,
678 1695 933 1768 hanoDeoeooep·
985 1701 1031 1754 tas
1042 1709 1194 1771 poscerem
1204 1694 1560 1754 describituonuii'enim
1568 1694 1810 1770 prosimioinmo

101 1791 166 1844 tarn
178 1785 312 1860 reginam
322 1784 434 1842 deuotis
444 1783 579 1858 precibus
590 1785 806 1858 supplicemus:
819 1789 852 1840 ut
863 1784 935 1856 quie
988 1785 1229 1860 dmmterryrnes
1238 1785 1811 1858 solentdentesreteuntitrignroetri·

103 1891 164 1932 nos
173 1891 228 1932 sue
238 1873 407 1946 exemploin
420 1871 650 1930 nomineChristi
663 1873 858 1946 congregavit,
871 1872 934 1930 sois
978 1868 1116 1933 'deucere
1141 1876 1215 1932 Cum
1237 1889 1308 1932 vern
1320 1875 1371 1942 eit,
1385 1895 1401 1925 ιι
1415 1875 1460 1932 lbi
1477 1873 1532 1932 erit
1546 1875 1633 1932 detus
1660 1873 1814 1932 etetridor

104 1980 164 2022 nes
176 1961 329 2018 meritiset
339 1959 561 2020 erationibusin
575 1961 711 2034 presenti
720 1961 936 2032 ritsjuoundes
988 1965 1131 2030 dentium¹
1148 1987 1163 2016 ιι
1189 1963 1319 2022 ostendit
1341 1962 1415 2036 quie
1434 1963 1549 2036 republ
1572 1963 1603 2018 in
1624 1962 1768 2038 gehenne,
1784 1965 1814 2018 et

102 2051 229 2118 eiilcist,
243 2054 272 2106 et
286 2051 317 2108 in
333 2050 431 2107 tuturo
446 2055 580 2124 suceptae
595 2051 708 2108 reddet.
768 2045 770 2050 ’
989 2054 1086 2128 frigus
1097 2051 1292 2122 intolerabile,
1302 2056 1332 2110 et
1344 2052 1471 2110 eulomm
1483 2051 1717 2110 inenuntium
1727 2049 1815 2106 susti·

142 2164 156 2192 ιι
175 2141 284 2196 lterum
293 2138 390 2196 simile
404 2142 583 2212 est‘regnum
592 2137 732 2194 emiorum
741 2149 856 2211 sagenae
866 2136 937 2194 mis·
989 2145 1111 2210 nebunt,
1124 2143 1210 2215 tunm
1224 2141 1298 2198 illud
1322 2142 1401 2214 quod
1416 2157 1468 2214 per
1492 2141 1615 2198 hamunt
1636 2141 1692 2198 teir
1706 2139 1816 2196 dieitru

99 2253 119 2280 ιι
137 2226 934 2302 seinmun'etexomnigsnsrepieoiumcongreganti.»
990 2230 1060 2304 (cap.
1075 2231 1166 2304 xxiv):
1192 2253 1206 2282 ιι
1221 2231 1264 2288 Ad
1285 2229 1412 2286 celerem
1438 2230 1563 2286 nimium
1587 2229 1758 2286 transibunt
1777 2227 1816 2284 eis

98 2317 232 2375 Pulchre
243 2333 359 2390 sagense
373 2313 554 2374 uesiruiletur
563 2315 704 2383 Eetionis,
716 2315 788 2388 quie·
800 2321 829 2372 et
843 2317 938 2389 pisos·
989 2320 1074 2392 aquis
1087 2320 1209 2386 nivium,
1226 2323 1254 2376 et
1268 2335 1362 2392 usque
1377 2319 1413 2374 ed
1431 2318 1539 2376 interos
1556 2320 1707 2390 peceatum
1722 2315 1813 2385 illiue,

96 2405 385 2476 cuissiacensem,
399 2403 788 2478 etintraretetideieuotidie
801 2405 937 2463 homiues
989 2408 1177 2465 obliviscetur
1192 2410 1257 2482 ejus
1283 2406 1495 2472 misericordie.
1519 2405 1642 2463 dulcedo
1659 2403 1738 2462 illius
1751 2421 1814 2463 ver-

97 2495 197 2568 capit.
214 2493 391 2552 sementen
407 2493 587 2567 piscatorem
608 2499 662 2562 est,
677 2507 747 2552 oum
771 2511 880 2568 sagena
900 2495 936 2551 de
990 2497 1088 2558 mis.»
1105 2497 1201 2560 Finita
1215 2495 1526 2570 eutemeimilitudius‚
1542 2493 1815 2564 desjusintelleetu

96 2583 262 2658 profundis
287 2583 456 2657 gurgitibus
471 2583 567 2655 pireus
582 2583 618 2640 ed
643 2582 727 2640 littus
739 2583 866 2651 irelsere,
894 2584 936 2640 sic
990 2587 1121 2644 Salvator
1145 2585 1305 2658 disoipmos
1326 2583 1456 2657 requirit,
1473 2583 1630 2642 estendees
1653 2583 1709 2656 piis
1722 2583 1815 2657 megi-

96 2671 240 2746 quotidie
252 2671 394 2738 Ecclesia,
410 2688 461 2745 per
474 2671 638 2728 doctrine-m
650 2671 884 2745 predieeterum,
899 2672 937 2728 ds
990 2673 1071 2742 stris,
1083 2678 1116 2730 ut
1124 2673 1197 2730 elios
1208 2673 1323 2746 possint
1332 2672 1457 2740 erudire,
1467 2671 1626 2744 eliqunndo
1638 2671 1815 2744 interrogare

98 2760 295 2820 turbulentis
304 2769 332 2818 ct
342 2759 453 2818 amaris
461 2759 629 2834 gurgitibus
637 2761 751 2829 mundi,
764 2764 877 2818 mentes
887 2759 937 2816 ho·
990 2763 1106 2820 debere.
1122 2761 1169 2818 Ait
1182 2762 1278 2820 euim:

98 2851 226 2910 minum
237 2851 384 2908 muscam
396 2849 736 2907 iueemtrelrerestudet.
748 2850 784 2906 lit
797 2849 937 2922 quonium
1028 2873 1042 2902 ιι
1057 2849 1245 2908 intellexistis
1272 2849 1333 2906 lieo
1358 2847 1517 2906 omnini»
1551 2847 1673 2921 iliacae
1692 2847 1817 2906 dicenti-

98 2940 242 3014 quandiu
258 2939 288 2996 iu
299 2939 435 3012 prasenti
443 2939 504 2996 vita
512 2938 641 2998 emissis
651 2955 720 2998 cem
730 2937 817 2996 benis
827 2936 939 3012 telligit
991 2941 1058 3008 hus,
1086 2962 1101 2992 ιι
1119 2939 1222 3008 litium,
1239 2961 1251 2990 ι
1269 2939 1309 2996 de
1319 2939 1449 3011 proiectu
1472 2937 1593 2996 iliorum
1624 2936 1817 3012 gloriebatur,¹

98 3035 129 3087 et
145 3027 257 3096 malos,
273 3029 399 3084 reriede
414 3028 516 3084 eadem
532 3044 640 3102 segem
655 3027 811 3084 subditur:
992 3029 1113 3086 dicens:

138 3141 155 3169 ιι
175 3119 282 3184 Quum,
298 3133 366 3174 oum
381 3115 502 3189 implete
516 3120 602 3184 esset,
618 3117 786 3181 educentes.
808 3120 837 3172 et
851 3126 937 3174 meus
1026 3141 1041 3168 ιι
1054 3117 1121 3176 ideo
1131 3117 1335 3176 omnissorihe
1346 3117 1449 3174 doetus
1464 3115 1494 3173 in
1506 3133 1597 3191 regno
1610 3116 1760 3184 crebrum,
1776 3114 1819 3174 si·

99 3233 114 3258 ιι
132 3207 226 3264 littus
235 3204 532 3280 ementeseiegacont
542 3205 636 3262 bonos
649 3205 679 3262 ie
690 3222 758 3264 vesu
773 3204 939 3274 suemuios
952 3191 977 3258 G
995 3229 1009 3258 ιι
1020 3205 1102 3264 milis
1114 3211 1158 3266 eet
1172 3207 1284 3264 homini
1296 3205 1565 3280 peiniemrlisuqni
1580 3207 1690 3280 profert
1703 3206 1739 3262 ds
1751 3204 1817 3261 the-

101 3317 115 3350 ι
133 3299 239 3352 autem
256 3294 337 3350 forae
349 3293 503 3350 miserunt.
514 3316 529 3344 ιι
541 3293 593 3350 Ubi
605 3309 673 3349 cum
686 3293 754 3350 iseni
768 3291 877 3352 stimuli
887 3311 939 3349 no·
993 3317 1007 3348 ιι
1017 3313 1112 3354 saure
1126 3313 1179 3352 sue
1195 3311 1269 3352 nuru
1292 3299 1320 3352 et
1333 3299 1440 3352 vetere.
1456 3315 1473 3346 ιι
1492 3294 1578 3359 Quod*
1600 3293 1765 3368 epeoiniiter
1779 3293 1816 3351 ed

102 3385 277 3452 minentur,
291 3382 443 3456 presentis
459 3380 741 3456 temporielieeieeie
754 3383 936 3455 designetur.
991 3383 1140 3458 apostolos
1155 3384 1301 3458 pertinere
1315 3401 1349 3441 er
1364 3401 1397 3442 ee
1413 3382 1603 3440 manifestum
1617 3387 1661 3440 est
1676 3382 1757 3456 qued
1767 3381 1817 3443 iru-

99 3472 180 3532 iloni
191 3473 273 3530 enim
284 3467 342 3528 soli
354 3487 500 3545 nusquam
513 3470 783 3539 semicintiarum,
800 3470 874 3528 maii·
885 3483 938 3528 ae·
992 3473 1277 3546 ninipetriiemilius
1286 3475 1505 3545 munerantur,
1516 3495 1530 3524 ι
1543 3469 1818 3546 proterentidetire

101 3568 168 3620 tem
181 3577 330 3634 nusquam
343 3559 398 3617 seli
412 3563 482 3616 suut
496 3559 555 3616 nisi
569 3558 601 3618 in
615 3560 740 3616 interno.
756 3560 822 3618 ileo
837 3565 936 3618 eutem
991 3577 1078 3620 snum
1094 3579 1147 3620 suo
1163 3579 1238 3620 nera
1248 3566 1278 3619 et
1290 3566 1397 3619 vetem.
1416 3584 1431 3611 ιι
1446 3561 1476 3620 si
1492 3560 1572 3618 enim
1585 3575 1637 3634 per
1649 3563 1819 3617 nonestus·

99 3650 239 3709 Ecclesia
262 3665 326 3722 que
340 3648 374 3706 in
395 3649 492 3706 medio
506 3647 653 3714 consistit,
668 3649 823 3721 utriusque
838 3649 940 3722 patrie
991 3655 1055 3710 tere
1070 3652 1163 3709 Vetus
1176 3656 1205 3709 et
1219 3652 1331 3708 Novum
1347 3641 1819 3722 Testamentumaoeipimusmb-

100 3742 185 3798 cives
200 3737 313 3810 recipit,
329 3737 407 3794 sicut
420 3753 471 3810 psc
491 3736 684 3796 Peeimistcm
704 3737 834 3794 dieitur:
851 3761 865 3790 ιι
881 3740 937 3796 Ass
991 3740 1133 3802 emanat
1143 3741 1262 3814 Meysen
1274 3744 1452 3813 ontenmque
1462 3737 1695 3812 Petnmnniante
1702 3736 1819 3796 Domni

100 3826 243 3888 nuntiavi
258 3830 287 3883 et
302 3825 417 3884 locutus
428 3824 695 3898 suru,muitipiiceti
706 3831 938 3900 sunteupsrnu·
991 3830 1150 3888 mucetum
1166 3831 1295 3898 inerunt,
1311 3845 1467 3888 novenum
1482 3828 1629 3886 odoribus
1645 3841 1703 3886 nen
1718 3830 1818 3902 protu-

101 3931 226 3974 merum
242 3915 327 3986 (Psoi.
343 3915 450 3988 cxxix).
459 3937 474 3966 ιι
490 3913 544 3972 Ubi
553 3914 803 3972 considerandum
811 3920 857 3972 est
866 3916 937 3988 quia
990 3918 1061 3976 iisse
1073 3919 1295 3993 eognoseimus:
1311 3918 1384 3991 quie
1395 3918 1451 3976 etsi
1465 3935 1541 3975 noea
1550 3922 1751 3987 narraverunt,
1762 3917 1817 3974 lle·

100 4019 198 4078 super
213 4019 369 4060 numerum
387 4003 544 4062 electorum
561 4003 649 4060 mode
665 4003 694 4058 in
710 4002 840 4062 Eculeus
850 4003 935 4060 multi
991 4007 1065 4066 mini
1076 4013 1175 4064 temen
1185 4008 1416 4065 incarnationem
1426 4023 1532 4064 aarum
1542 4005 1819 4078 corporeiihunoou·

99 4091 226 4168 reprobi
235 4091 542 4174 intrare-possunttsed
551 4087 582 4148 in
591 4109 714 4166 regnum
725 4091 865 4149 emiorum
877 4109 938 4150 non
989 4095 1026 4154 lis
1041 4113 1099 4154 non
1116 4095 1262 4163 viderunt,
1290 4096 1368 4152 siem
1396 4096 1460 4169 ipss
1483 4093 1640 4168 discipulis
1669 4093 1816 4151 sensuit:

101 4185 245 4255 possunt.
261 4179 342 4238 Unde
353 4184 382 4236 et
393 4177 595 4238 benedicitur:
609 4203 624 4230 ιι
634 4179 790 4255 Elegeruut
802 4179 937 4238 henoein
988 4209 1003 4237 ιι
1019 4183 1105 4244 Multi
1119 4197 1204 4258 regen
1216 4189 1245 4241 et
1255 4183 1401 4257 prophete
1410 4181 1679 4242 volueruntvidars
1688 4197 1754 4254 quse
1765 4198 1818 4238 ros

99 4288 179 4328 caea
190 4286 261 4338 sue,
271 4267 363 4326 maim
379 4272 477 4327 numm
489 4270 571 4326 ieras.
581 4269 735 4328 eniserunt.
749 4291 764 4320 ιι
779 4269 811 4326 Ιιιι
826 4267 934 4342 quibus
988 4274 1103 4340 videtis,
1119 4278 1148 4330 et
1161 4291 1220 4332 nen
1235 4272 1387 4330 viderunt:
1402 4276 1433 4330 et
1452 4270 1634 4344 audireque
1653 4268 1773 4336 auditis,
1788 4273 1819 4326 at

99 4360 206 4417 verbis
223 4357 376 4416 manifesto
389 4357 525 4416 discretio
535 4356 694 4416 electorum
705 4362 734 4416 et
742 4357 934 4432 reproborum
989 4379 1046 4422 rme
1062 4363 1221 4420 andierunt
1243 4363 1321 4435 (ine.
1335 4361 1375 4435 xi.
1393 4383 1407 4410 ι
1423 4359 1556 4434 Apostoli
1580 4361 1679 4416 summ
1700 4373 1775 4414 nom
1788 4361 1823 4416 et

98 4449 132 4506 in
151 4448 215 4504 fise
230 4444 331 4504 saeculi
353 4447 455 4503 iuture
467 4461 531 4504 ense
555 4447 731 4504 ostenditur.
751 4445 832 4506 Siout
855 4446 934 4504 enim
991 4456 1089 4508 veteru
1102 4449 1297 4524 spiritunlitsr
1311 4449 1525 4516 imitaremini,
1540 4446 1817 4520 etnomserpooal‘s

99 4553 190 4598 mure
206 4534 358 4605 seculum,
372 4534 414 4592 sio
423 4533 507 4592 littus
520 4535 609 4594 maris
622 4536 715 4594 tieem
726 4535 935 4610 significatae·
951 4561 975 4626 ῃ
992 4539 1050 4598 bus
1064 4539 1158 4598 oeulis
1171 4539 1320 4598 viderunt.
1336 4539 1448 4607 Quibus
1464 4539 1528 4612 ipse
1543 4538 1604 4595 nit:
1622 4557 1638 4590 ιι
1647 4537 1817 4594 mundatem

97 4625 178 4684 culi.
194 4623 228 4683 in
244 4623 342 4682 littora
356 4624 434 4682 enim
446 4624 595 4696 sedentes,
611 4647 622 4674 ι
636 4623 788 4698 elegerunt
801 4626 896 4684 tenos
907 4625 937 4682 in
992 4629 1147 4687 noscendo
1164 4629 1256 4697 vobis,
1278 4627 1595 4702 umigatiainviaem
1611 4627 1699 4698 (iore.
1714 4625 1785 4699 xrrt).
1802 4647 1816 4676 ιι

96 4730 253 4782 vasesua,
263 4712 356 4772 melos
366 4717 466 4770 autem
478 4713 556 4770 ieras
566 4711 868 4788 misecamsqarain
880 4716 940 4774 line
993 4718 1060 4776 Sive
1072 4717 1177 4778 niiier:
1191 4718 1298 4776 Vetere
1317 4717 1354 4774 ud
1369 4733 1500 4791 emnam
1513 4732 1588 4776 nove
1611 4714 1758 4788 puderent
1779 4713 1816 4770 sd

98 4801 208 4864 emenii
224 4801 305 4860 electi
321 4805 511 4860 assumentur
524 4803 562 4858 ed
573 4802 709 4874 gloriam,
720 4809 752 4860 et
763 4804 877 4878 reembi
893 4819 938 4862 se-
992 4806 1126 4881 giunism.
1138 4807 1292 4864 Ueientum
1304 4806 1383 4864 enen
1394 4805 1579 4864 erethomini
1589 4805 1816 4877 postponentem

99 4892 340 4967 parabunturad
349 4892 560 4964 prenestrinus
570 4892 648 4965 quod
659 4889 731 4951 elibi
743 4893 883 4952 mnrium
896 4893 937 4950 eit
991 4895 1077 4956 ireed
1087 4893 1382 4968 emnamouieiiqmd
1391 4909 1500 4952 norum
1505 4910 1557 4966 per
1565 4889 1818 4964 necennensium·

98 4983 136 5040 in
151 4979 323 5054 Emngelio:
339 5003 353 5032 ι
367 4979 399 5038 In
410 4977 461 5036 illa
471 4985 556 5038 nocte
565 4983 653 5038 erent
662 4981 720 5039 duo
732 4981 762 5038 in
774 4981 935 5040 ieetouno:
990 4988 1109 5042 ventum
1120 4984 1374 5058 contigitansndo
1384 4981 1658 5056 hmrsopemuiibus
1668 4978 1819 5054 glorieest

100 5087 191 5128 unus
207 5073 386 5138 assumetur,
400 5074 430 5126 et
443 5085 522 5128 turus
537 5069 719 5143 relinquetur
730 5071 806 5144 (tue.
821 5072 903 5144 xurr).
919 5095 937 5124 ιι
991 5067 1817 5148 ιορωιιιὶοει.ὒιιιιιιιιμῠοιιιιιιιιειίἰιιιὶμιιίοοαοΠιιιιιίιιι,

100 5161 194 5218 Unde
220 5161 250 5216 et
275 5175 429 5232 exponens·
451 5157 593 5218 Dumium
619 5157 860 5230 centimetrum,
884 5162 937 5218 sd-
990 5155 1805 5233 dioenszcilmnisserihsdeoineinregnocmlornm.simi
1923 5202 1926 5211 ι

91 5248 223 5322 iniusti
990 5251 1031 5311 lis·
1042 5256 1089 5311 est
1102 5251 1217 5310 homini
1228 5249 1498 5326 patrifamilias‚qui
1510 5249 1620 5321 proibet
1631 5248 1668 5306 de
1678 5247 1817 5304 meseum

139 5337 188 5394 Sic
203 5336 260 5394 erit
281 5335 316 5393 in
336 5337 588 5396 consummatione
611 5336 721 5394 seculi.
741 5338 869 5396 minant
883 5357 936 5400 ue·
990 5355 1044 5400 suo
1059 5346 1176 5400 nosset
1198 5344 1333 5398 vetem»
1349 5338 1485 5396 Ostendit
1510 5338 1593 5395 inune
1610 5337 1743 5394 ordinem
1765 5336 1817 5392 dos

96 5450 115 5480 ιι
134 5425 194 5502 geli
211 5429 240 5482 et
255 5425 435 5498 separabunt
451 5425 547 5483 melos
560 5427 596 5484 ds
611 5425 708 5484 madio
718 5427 881 5499 justorum,
907 5436 936 5487 et
990 5431 1121 5490 otoribus
1133 5431 1164 5488 in
1179 5428 1384 5503 predicatione
1400 5429 1587 5497 servendum,
1598 5431 1632 5485 ut
1646 5431 1744 5484 vetere
1753 5441 1818 5498 pro·

94 5543 112 5567 ιι
132 5515 320 5572 mittentem
338 5513 689 5590 incaminumignis,ibi
710 5517 766 5572 erit
793 5519 880 5576 iletus
906 5523 936 5576 ot
990 5521 1084 5578 ierant
1099 5521 1258 5578 deterrere
1273 5516 1605 5591 supplicii,etnoveds
1620 5513 1816 5592 promissione
1909 5588 1915 5600 .

94 5631 113 5657 ιι
136 5604 250 5664 stridor
264 5603 407 5663 dentimn.
421 5623 437 5652 ιι
453 5603 513 5660 iios
527 5606 662 5678 estquod
670 5605 943 5674 Dominusieeiiti.
989 5609 1114 5686 premii.
1129 5609 1215 5680 Quod
1226 5612 1257 5666 et
1269 5607 1300 5666 in
1315 5607 1408 5680 huius
1419 5606 1646 5668 intinniuseris
1659 5623 1712 5665 eno
1723 5621 1817 5666 mum-
