4018 6178
137 335 176 400 lt
757 323 934 390 HDbllLlAE
955 323 1006 386 DE
1028 321 1229 386 TEMPORE.
1806 319 1845 386 ld

138 467 418 532 menteshominum
429 461 669 538 athabitacnlum
680 459 732 519 Dei
742 463 968 532 essentprapa·
981 453 1010 528 A
1024 457 1167 530 praedicta
1181 455 1358 512 recoluntur.
1381 455 1478 514 Minus
1493 454 1572 514 enim
1583 456 1684 531 jacula
1698 457 1782 517 ferire
1798 477 1844 518 so-

138 563 288 621 ravarnnt.
306 557 363 628 Qui
378 560 475 615 eutem
489 554 664 628 vestimenta
685 567 738 608 suo
753 549 782 606 in
797 549 844 605 uio
859 551 968 604 strave-
1022 544 1092 614 lent,
1104 563 1167 620 qna
1178 544 1327 620 praevideri
1337 550 1471 619 possunt.
1481 545 1844 624 Etelactiqnicircatlnem

138 653 218 716 runt,
234 646 331 708 sancti
347 649 489 718 martyres
503 647 582 711 sunt,
606 639 655 714 qui
681 640 753 696 dum
778 652 900 710 corpora
915 651 969 694 sua
1023 634 1121 692 saeculi
1133 635 1222 691 lntnri
1230 635 1334 691 suntin
1346 636 1847 714 carno,tribulationesetpressuras

137 742 260 814 propter
272 737 367 793 Deum
380 733 416 790 ad
427 731 572 806 supplicia
581 729 776 795 tradiderunt,
790 725 873 800 qnasi
885 722 969 781 vesti·
1023 725 1126 781 mundi
1142 729 1221 782 tanto
1236 723 1329 781 larius
1339 724 1517 796 tolerabunt,
1531 732 1642 798 quanto
1656 745 1705 786 eas
1717 729 1801 803 prius
1810 731 1847 790 ab

137 827 310 886 meuta'sna
325 825 500 888 straverunt,
512 819 567 878 iter
577 815 805 892 simplicioribus
816 813 968 872 ostenden·
1023 814 1086 888 ipso
1098 814 1290 887 Redemptore
1302 815 1454 886 predictas
1465 815 1662 876 meminerint.
1678 819 1751 876 Nam
1762 819 1849 878 iuter.

138 925 196 986 ies,
206 933 260 990 1³01·
274 914 353 989 quod
365 913 401 968 &d
412 910 517 968 Ooelum
530 907 681 982 pertenire
691 907 821 979 possent·
836 900 891 968 Oui
901 916 969 956 vero
1023 909 1143 978 rogatus
1157 903 1300 960 Dominus
1311 920 1328 959 a
1338 903 1491 978 discipulis
1507 905 1542 962 de
1556 907 1680 964 adventu
1696 924 1761 976 sno,
1773 911 1848 968 etde

139 1021 240 1066 ramos
255 1005 291 1060 de
316 1000 470 1060 arboribus
494 997 699 1071 prandebant,
715 998 743 1051 ol
758 992 927 1050 sternebant
938 989 968 1068 in
1023 991 1277 1050 consummatione
1286 992 1394 1062 saeculi,
1405 997 1438 1052 nt
1449 999 1538 1070 snpra
1548 996 1727 1072 evangelista
1736 999 1846 1068 retulit,

138 1098 196 1164 via,
213 1093 309 1152 sancti
320 1089 503 1147 consessores
514 1089 593 1153 suat,
606 1083 656 1157 qui
668 1085 738 1140 dum
749 1079 909 1139 sententias
919 1081 969 1137 Pa·
1023 1081 1188 1156 respondit:

138 1191 219 1243 trum
235 1177 465 1256 procedentium
487 1173 664 1247 multiplices
686 1174 715 1228 et
729 1169 910 1228 necessarias
932 1167 969 1223 od
1060 1196 1074 1222 ιι
1085 1171 1219 1228 Auditnri
1234 1171 1313 1228 enlm
1323 1171 1394 1228 estis
1410 1173 1509 1245 praelia
1520 1178 1548 1232 et
1562 1177 1721 1236 seditiones
1735 1179 1849 1253 prelio-

140 1257 970 1340 nostramdoctrinamproterunt,qnasidespiritnalibus
1025 1285 1040 1313 ιι
1056 1278 1133 1330 rum,
1157 1259 1247 1316 nolite
1269 1260 1380 1317 terreri.
1398 1261 1516 1334 Oportet
1539 1265 1668 1336 primum
1692 1267 1754 1324 hac
1775 1269 1848 1338 lieri,

141 1361 299 1422 arboribus
314 1373 412 1414 ramos
427 1354 580 1422 cadentes,
598 1350 725 1408 coelestis
739 1349 839 1422 patria
855 1347 910 1402 iter
924 1346 971 1401 de·
1025 1374 1039 1402 «
1056 1352 1105 1408 sed
1120 1349 1732 1412 nondumstatimfinis.'l'nnadicebatillis:
1745 1357 1851 1432 Surget

141 1456 254 1511 corant.
279 1447 385 1506 Turbae
409 1448 506 1501 autem
531 1441 727 1516 precedentes
751 1442 780 1495 et
804 1439 969 1510 sequentes,
1025 1463 1039 1491 ιι
1056 1443 1378 1514 genscuntragentcm,
1391 1443 1551 1514 etregnum
1563 1443 1848 1520 adversusregnnm‚

140 1543 297 1614 utriusque
310 1533 488 1592 'tastamenti
508 1529 714 1606 significabant
729 1525 840 1594 fideles,
856 1523 970 1581 Veteris
1026 1552 1040 1580 ιι
1058 1533 1087 1585 et
1101 1532 1187 1584 erunt
1210 1531 1393 1584 terremotus
1417 1530 1517 1604 magni
1541 1549 1592 1604 per
1615 1533 1687 1601 loca,
1708 1538 1737 1591 et
1759 1536 1849 1608 pesti-

141 1633 302 1690 scilicetne
317 1625 400 1682 Novi.
416 1623 480 1680 Una
496 1620 574 1678 enim
590 1635 658 1676 voce
674 1617 814 1681 clamant,
830 1614 898 1688 quia
911 1630 972 1670 nna
1026 1643 1040 1671 ιι
1057 1619 1151 1676 lentie
1167 1623 1194 1675 et
1205 1617 1308 1686 sames,
1320 1621 1504 1692 terroresque
1514 1621 1548 1676 de
1561 1622 1642 1692 coelc,
1654 1627 1684 1680 at
1694 1623 1779 1700 signa
1789 1641 1850 1682 ma·

140 1721 266 1780 estlides
274 1713 504 1790 precedentium
514 1705 840 1774 adventuchmini,et
849 1720 972 1777 sequen·
1026 1732 1041 1760 ιι
1053 1711 1211 1784 gnaerunt.
1222 1708 1274 1762 »Et
1282 1706 1851 1786 quibusdamdepcrsecutianereproho.

140 1811 228 1878 tium,
250 1808 326 1864 teste
350 1800 481 1878 apostolo
497 1800 579 1856 Petro
596 1797 647 1872 qui
663 1797 721 1853 ait:
749 1818 764 1845 ιι
780 1796 833 1851 Per
847 1793 970 1868 gratiam
986 1830 1010 1895 B
1026 1815 1090 1854 rum
1102 1795 1444 1870 atpatientiaelectornm
1454 1798 1645 1872 interpositis,
1655 1803 1852 1874 adjunxithoc

141 1879 260 1958 Domini
268 1895 339 1952 lesu
350 1891 500 1949 credimus
509 1886 615 1944 salvari
625 1883 875 1959 quemadmodum
885 1881 971 1939 atilli.
1026 1887 1101 1961 qnod
1120 1886 1149 1940 in
1170 1885 1264 1958 capite
1284 1883 1374 1958 hujus
1393 1885 1528 1944 lectionis
1547 1889 1723 1956 audivimus,
1735 1891 1850 1951 pigens:

143 1987 223 2056 Quod
236 1985 317 2042 enim
327 1981 370 2038 illi
382 1978 578 2052 predixerunt
590 1976 732 2042 lntnrnm,
746 1990 799 2029 uos
806 1973 868 2045 jam
880 1969 973 2028 credi·
1027 1999 1041 2028 ιι
1057 1977 1150 2032 Erunt
1165 1973 1359 2054 signainsclc
1370 1977 1399 2031 et
1413 1975 1484 2032 luna
1493 1981 1523 2032 et
1533 1977 1637 2036 stellis.
1648 2001 1663 2030 ι)
1675 1980 1730 2037 Ubi
1748 1985 1852 2038 notan.
1942 2013 1952 2024 .

143 2094 210 2133 mus
225 2076 338 2132 lactum
355 2070 422 2142 (det.
437 2071 496 2140 xv.)
511 2089 525 2117 n
547 2065 630 2130 Quod
650 2067 747 2120 autem
764 2060 901 2128 clamant,
919 2078 973 2116 an·
1027 2062 1612 2138 dumastquiaedultioncmreproborum
1624 2067 1777 2128 hominum
1789 2069 1855 2144 ipsa

145 2167 281 2223 dumus:
305 2183 318 2210 ιι
335 2159 473 2218 llosanna
486 2153 544 2210 filio
560 2153 660 2212 David.
679 2175 694 2203 ι)
715 2151 852 2208 llcsanna
868 2149 974 2223 quippe
1027 2152 1663 2226 etiamclementamnnditnrbatadicuntnr,
1675 2159 1855 2234 quoegigflla.

142 2271 195 2312 vox
205 2255 251 2310 est
262 2245 475 2306 exsultantium
486 2243 652 2318 pariterque
660 2239 854 2298 laudantium.
867 2238 974 2295 Filium
1026 2242 1081 2300 tim
1092 2241 1235 2300 Dominus
1243 2242 1518 2300 enumeretdicens:
1532 2267 1546 2298 ιι
1555 2246 1661 2322 Surget
1670 2263 1743 2322 gons
1753 2253 1856 2309 conum

144 2358 263 2418 qnoque
271 2337 363 2396 David
373 2336 557 2410 profitentur,
570 2327 779 2404 qniadaDavid
788 2327 878 2402 stirpe
887 2330 974 2383 natus
1028 2336 1157 2406 gentem,
1174 2335 1204 2386 et
1217 2346 1339 2404 regnum
1357 2330 1497 2390 adversus
1512 2349 1645 2408 regnum.
1662 2359 1677 2387 ιι
1697 2337 1771 2399 Εοω
1785 2356 1854 2400 coa·
1948 2377 1955 2398 ,

144 2433 180 2490 ad
201 2447 257 2486 nos
284 2425 420 2483 Salvator
444 2420 605 2488 descendit,
636 2418 713 2476 sicut
736 2418 776 2473 ait
798 2416 974 2491 Apostolus:
1027 2419 1156 2478 turbatio
1171 2417 1335 2476 bominum.
1354 2442 1368 2471 ιι
1379 2421 1574 2480 renaudus
1590 2427 1688 2500 magni
1704 2431 1791 2486 arunt
1804 2445 1857 2502 pcr
1950 2480 1953 2494 ,

145 2545 159 2573 ιι
170 2519 226 2586 Oui
239 2519 337 2574 lactus
347 2512 464 2575 esteiex
474 2507 975 2568 semiueDavidsecundumcarnem
1029 2510 1102 2566 loca.
1117 2531 1131 2558 »
1145 2509 1217 2565 Ecce
1227 2499 1377 2580 lespectus
1388 2509 1436 2566 ira
1452 2511 1579 2586 desuper
1588 2536 1601 2564 ιι
1614 2515 1707 2572 Erunt
1716 2519 1855 2590 pestilen-

145 2605 233 2682 (nom.
251 2609 284 2676 1).
299 2627 314 2656 »ι
327 2599 500 2659 Versiculos
515 2603 613 2654 autem
633 2597 688 2653 istc
706 2612 793 2670 quem
807 2599 837 2652 et
847 2593 929 2668 pueri
945 2594 976 2650 in
1029 2599 1085 2654 tiu.
1096 2621 1109 2646 »ι
1120 2596 1857 2672 Ecceinaqnalitascorpornm.«Eritlames.»1⁴}000

146 2697 271 2756 introitu
282 2691 387 2765 templi
395 2688 517 2748 Domino
528 2689 727 2754 cantaverunt,
739 2688 875 2757 sumptus
887 2687 930 2739 est
941 2683 976 2738 de
1031 2686 1169 2746 sterilitas
1176 2689 1287 2742 terrm«
1295 2687 1489 2762 'terroresque
1496 2691 1531 2746 de
1537 2690 1650 2762 cmlo,et
1658 2693 1742 2767 signa
1749 2713 1857 2770 magna

148 2785 309 2845 centesimo
324 2779 450 2854 septimo
460 2777 573 2834 decimo
582 2773 705 2850 psalmo,
715 2773 765 2846 qni
776 2789 850 2846 pene
859 2771 976 2829 totusin
1031 2779 1126 2833 erunt.
1137 2796 1151 2824 »
1163 2774 1235 2831 Doce
1244 2774 1428 2848 inequalitas
1439 2777 1523 2836 aeris.
1538 2803 1551 2830 ιι
1559 2781 1651 2838 Erunt
1662 2782 1746 2856 signs
1755 2784 1784 2842 in
1796 2784 1857 2845 sule

148 2870 276 2952 persona
290 2867 409 2928 Domini
424 2865 547 2933 canitur,
564 2868 594 2921 et
609 2863 675 2920 'brec
690 2863 726 2919 ad
742 2864 806 2935 ejus
820 2863 977 2918 adventum
1031 2869 1060 2922 at
1075 2863 1146 2920 luna
1160 2865 1189 2920 et
1203 2862 1306 2920 stellis.
1319 2885 1333 2914 a
1351 2865 1421 2922 Ecce
1438 2869 1593 2926 commotio
1608 2871 1749 2930 siderum·
1767 2895 1781 2925 α
1795 2875 1857 2932 9,ae

150 2964 311 3040 pertinent.
325 2959 398 3017 Cum
409 2957 487 3014 enim
498 2955 621 3010 dixisset
635 2951 792 3025 Propheta:
810 2974 824 3001 ιι
838 2950 977 3023 Lapidem
1030 2952 1200 3018 contusione
1212 2951 1326 3009 sonitus
1336 2954 1427 3012 marie
1441 2959 1470 3012 et
1486 2957 1738 3020 adornandae
1753 2963 1857 3024 coalu-

152 3070 240 3129 quem
256 3049 486 3124 reprobaverunt
508 3041 695 3107 aedificantes,
717 3040 764 3096 hic
781 3040 874 3096 lactus
890 3037 978 3094 estin
1033 3039 1076 3098 si'o
1085 3041 1380 3098 fluminumlustnm
1389 3047 1433 3098 est
1441 3043 1519 3100 enim
1531 3051 1564 3102 ut
1574 3047 1715 3114 insensati
1723 3050 1858 3109 homines

151 3145 241 3218 caput
265 3135 367 3210 anguli
387 3135 473 3210 (Paul.
494 3135 589 3200 marr),
607 3153 621 3180 n
646 3131 779 3204 quadam
806 3127 980 3200 interposita
1034 3127 1128 3202 quiin
1145 3127 1472 3200 cunctispeccaverunt,
1489 3132 1857 3205 incusetislsrisutnr,id

153 3228 309 3308 adiunxit:
328 3247 341 3276 ιι
357 3225 379 3280 0
395 3221 527 3289 Domine,
551 3219 663 3277 salvum
680 3235 726 3275 me
743 3218 798 3283 lac,
814 3234 830 3273 o
848 3215 978 3283 Domine,
995 3195 1016 3263 C
1034 3219 1079 3276 est
1094 3213 1118 3272 si
1130 3220 1321 3288 peccaverunt
1336 3233 1388 3290 per
1401 3217 1478 3276 aeris
1500 3220 1696 3290 serenitatem,
1717 3224 1860 3282 tenantur·

152 3323 229 3378 bene
245 3329 429 3392 prosperare,
443 3309 613 3368 benedictus
624 3307 673 3380 qni
684 3311 823 3364 venturus
833 3309 878 3362 est
888 3304 919 3360 in
930 3319 982 3360 no·
1036 3321 1088 3379 per
1101 3305 1315 3376 tempestatem.
1333 3305 1362 3360 Si
1379 3306 1414 3362 de
1429 3305 1550 3380 reliquis
1564 3309 1600 3366 ab
1616 3309 1689 3382 ipsis
1702 3310 1860 3374 insensatis

153 3409 236 3467 mine
246 3403 376 3462 Domini.
388 3423 403 3451 »
414 3401 468 3457 Pro
479 3416 536 3472 qua
546 3397 576 3454 in
588 3396 706 3453 Hebraeo
721 3395 983 3452 habetnrllorannu
1037 3393 1125 3470 rebus
1141 3391 1292 3461 leniantur,
1309 3397 1338 3448 et
1353 3393 1511 3468 impleatur
1531 3396 1602 3452 illud
1625 3399 1703 3470 qnod
1719 3400 1860 3473 scriptum

153 3497 266 3557 adonai
280 3496 419 3559 decenno,
433 3503 520 3562 quern
532 3484 727 3560 Symmachus
743 3499 823 3540 more
834 3499 887 3539 sno
903 3497 984 3554 aper·
1037 3485 1083 3538 est
1097 3481 1126 3535 in
1142 3479 1297 3537 Salomone
1309 3496 1315 3536 :
1328 3505 1343 3532 ιι
1356 3482 1500 3556 Pugnabit
1514 3502 1567 3557 pro
1579 3503 1613 3542 eo
1628 3488 1708 3545 orbis
1717 3492 1862 3548 terrarum

155 3587 217 3644 tius
232 3580 396 3645 transtulit,
411 3578 512 3634 dicens
524 3592 530 3630 :
543 3597 557 3626 ιι
570 3575 706 3642 Obsecro,
723 3571 855 3640 Domine,
871 3570 984 3628 salvum
1039 3572 1140 3626 contra
1155 3569 1319 3626 insensatos
1343 3574 1419 3644 (Sap.
1435 3573 1474 3644 v).
1486 3594 1500 3624 a
1528 3576 1595 3642 Quoe
1610 3581 1708 3636 autem
1733 3578 1819 3651 pigna
1832 3579 1862 3637 jn

156 3692 206 3734 me
221 3675 277 3729 fac.
294 3695 309 3720 n
324 3670 462 3726 llosanne
473 3681 540 3739 ergo
555 3662 671 3737 proprie
690 3663 873 3718 llebraecrnm
890 3675 986 3716 sermo
1040 3657 1101 3714 sele
1115 3661 1143 3714 et
1158 3657 1228 3714 lana
1243 3661 1272 3714 et
1286 3657 1379 3718 stellis
1390 3660 1487 3718 lutura
1498 3667 1577 3732 sunt,
1589 3663 1665 3724 alius
1676 3666 1863 3740 evangelista,

157 3767 214 3830 est,
230 3765 260 3817 et
281 3759 493 3830 interpretatur
507 3753 537 3810 in
561 3757 662 3809 nostra
684 3749 795 3824 lingna,
820 3749 906 3816 salve,
928 3749 988 3805 sive
1041 3746 1195 3803 Matthaeus
1205 3745 1329 3813 scilicet,
1340 3749 1525 3808 manifestius
1535 3752 1795 3822 declaratdicaus:
1808 3749 1822 3807 ιι
1833 3757 1866 3812 ln

157 3851 304 3921 emptura:
320 3847 367 3903 cui
382 3861 451 3918 ergo
466 3842 558 3900 turbe
574 3842 652 3898 solvo
666 3840 725 3897 sive
739 3840 861 3912 salvifico
876 3838 988 3896 clama·
1042 3835 1211 3895 diebnsillis
1221 3835 1263 3892 sol
1272 3836 1488 3908 obscurabitur,
1496 3843 1523 3896 ct
1532 3838 1603 3900 luna
1611 3859 1668 3900 nnn
1677 3844 1758 3902 dabit
1768 3845 1867 3904 lumen

159 3933 537 4012 bant,utiqneSalvatorem
548 3928 990 4000 credebantssenedictumqno-
1044 3941 1143 3995 snum,
1161 3929 1189 3982 et
1199 3924 1288 3981 stollae
1302 3927 1406 3982 cadent
1416 3928 1564 3985 decreto.»
1580 3930 1634 3988 Ubi
1644 3933 1870 4006 spiritaliterso.

162 4027 388 4104 querenturnm
398 4022 428 4080 in
437 4017 679 4077 nomineDomini
690 4017 911 4090 profitebantur,
922 4015 991 4088 quia
1044 4015 1081 4071 lis
1098 4014 1215 4071 nomine
1229 4014 1372 4072 Dominus
1386 4016 1473 4073 lesus
1488 4018 1621 4081 Christus
1635 4020 1816 4096 intelligitur.
1830 4023 1871 4080 Da

164 4117 256 4176 lilius
267 4129 326 4170 noa
337 4113 367 4167 in
375 4126 429 4167 suo
438 4109 565 4174 nomine,
574 4105 661 4164 sedin
670 4107 787 4163 nomine
795 4102 989 4160 Patrisvenit:
1046 4120 1104 4179 quo
1119 4103 1260 4176 scriptum
1277 4108 1341 4162 est:
1357 4104 1446 4162 Vobis
1462 4112 1560 4164 autem
1575 4109 1626 4182 qni
1643 4111 1752 4168 timetis
1768 4112 1870 4181 Derim,

165 4223 219 4263 nec
235 4218 332 4267 snam,
349 4200 400 4258 sed
417 4197 510 4254 Patris
524 4195 648 4270 gloriam
672 4193 815 4268 quesivit,
832 4194 909 4249 sicut
929 4192 993 4266 ipse
1047 4190 1206 4251 orietursol
1215 4193 1392 4265 justitiae.Et
1401 4193 1523 4253 iterum:
1536 4220 1550 4248 ιι
1562 4196 1650 4257 Ortus
1662 4202 1707 4256 est
1717 4198 1760 4254 sol
1771 4202 1874 4256 elcan·

166 4293 278 4351 Jndaeia
292 4307 351 4348 nou
362 4281 550 4345 credentibus
561 4283 635 4340 dixit
647 4301 653 4339 :
665 4306 680 4335 ιι
693 4284 751 4358 Ego
760 4282 864 4338 vaniin
875 4280 994 4337 nomine
1048 4279 1160 4356 gregati
1177 4285 1247 4338 sunt
1266 4283 1351 4354 (Prot.
1368 4283 1439 4354 cm).
1455 4307 1470 4336 »
1487 4283 1577 4340 Lnnae
1591 4289 1689 4340 autem
1709 4285 1827 4342 nomine
1842 4286 1873 4342 in

165 4381 262 4440 Patris
273 4377 341 4446 mei,
353 4380 383 4438 et
393 4392 452 4431 non
467 4371 639 4445 suscepistis
650 4387 708 4440 me,
724 4371 746 4426 si
760 4369 835 4427 alins
844 4370 954 4426 venerit
964 4367 994 4424 in
1049 4371 1104 4426 hoe
1119 4369 1181 4425 loce
1198 4368 1326 4426 Ecclesia
1347 4371 1529 4444 designatur,
1546 4372 1622 4428 sicut
1636 4371 1762 4444 criptum
1776 4375 1822 4430 est
1843 4371 1874 4430 in

168 4463 455 4535 nominesno,illum
468 4461 768 4535 suscipietis(10an.v
782 4459 790 4531 )
803 4483 815 4509 u
827 4461 860 4515 Et
871 4459 994 4514 iterum:
1051 4459 1200 4515 Habacnc:
1215 4481 1228 4508 ιι
1255 4457 1390 4514 Elevatns
1413 4463 1459 4514 est
1474 4458 1517 4516 sol
1542 4460 1571 4516 in
1588 4464 1652 4516 ortu
1677 4477 1741 4528 suo,
1761 4465 1791 4520 et
1804 4461 1876 4520 luna

169 4583 184 4610 ιι
196 4563 255 4632 Ego
271 4573 288 4612 a
303 4553 417 4630 meipso
428 4569 485 4624 aaa
499 4549 576 4618 veni,
593 4549 644 4606 sed
657 4549 741 4605 Pater
755 4563 840 4604 meus
854 4546 935 4603 misit
951 4561 997 4602 ms
1012 4561 1035 4626 D
1052 4546 1132 4604 stetit
1148 4545 1177 4602 in
1193 4545 1294 4602 ordine
1310 4564 1363 4604 suo
1379 4547 1494 4618 (Habeo.
1518 4551 1572 4617 111.)
1582 4571 1596 4599 ι»
1611 4549 1643 4609 ln
1659 4549 1763 4608 diebus
1778 4555 1876 4608 autem

170 4649 259 4721 (toan.
275 4647 350 4714 ΝΟ·
363 4665 378 4696 ”
1051 4635 1121 4702 illis,
1138 4634 1166 4690 id
1179 4640 1223 4694 cst
1233 4636 1262 4691 in
1274 4634 1323 4692 illa
1335 4635 1439 4694 ultima
1449 4636 1647 4708 tribulatione,
1664 4662 1679 4690 ιι
1690 4638 1733 4701 sol
1744 4640 1879 4698 obscura·

484 4753 636 4813 popum
656 4753 690 4810 Π,
1053 4724 1144 4794 bitur,
1157 4747 1171 4774 »
1183 4723 1252 4798 qnia
1267 4723 1409 4782 Dominus
1424 4726 1510 4782 Jesns
1532 4727 1665 4784 Christus
1687 4727 1805 4786 virtutis
1820 4744 1879 4784 sua

1054 4813 1214 4887 potentiam
1223 4829 1280 4870 non
1293 4814 1502 4872 manifestabit.
1512 4816 1618 4872 «Luna
1627 4821 1789 4878 autemnon
1800 4816 1882 4874 dubit

1054 4903 1155 4958 lumen
1172 4919 1271 4970 sunm,
1284 4924 1298 4954 n
1316 4903 1385 4975 quia
1400 4903 1528 4962 Ecclesia
1542 4903 1754 4964 miraculorum
1770 4903 1883 4978 fulgore

210 5001 289 5076 (tue.
302 4999 373 5066 xxr.)
389 5020 404 5048 ιι
414 4999 448 5053 In
459 4995 509 5052 illo
519 4997 659 5068 tempore,
671 4993 745 5050 dixit
754 4993 839 5049 lesus
849 4990 1003 5064 discipulis
1058 5007 1117 5047 non
1129 4989 1333 5062 resplendebit.
1347 4991 1427 5048 Unde
1442 5009 1494 5065 per
1507 4994 1651 5052 loannem
1666 4995 1696 5051 in
1710 4992 1885 5066 Apocalypsi

176 5113 190 5140 ιι
207 5088 284 5160 suis:
302 5087 397 5144 Erunt
411 5084 497 5158 signa
511 5084 542 5140 in
558 5081 618 5138 sole
640 5084 669 5138 et
683 5080 754 5137 luna
769 5083 797 5135 et
811 5077 915 5147 stellis,
931 5083 959 5136 et
975 5079 1004 5134 in
1059 5079 1186 5136 dicitnr:
1205 5100 1218 5129 ιι
1230 5079 1264 5134 Et
1280 5079 1373 5136 laetus
1388 5087 1433 5138 est
1446 5082 1491 5140 sol
1506 5083 1590 5157 niger
1600 5083 1788 5140 sicutsaocus
1798 5080 1886 5140 cilici-

176 5202 190 5228 «
206 5177 294 5234 terris
309 5190 449 5247 pressura
463 5169 606 5244 gentium,
626 5185 684 5241 pre
701 5165 871 5224 contusione
891 5166 1006 5223 sonitus
1060 5186 1127 5237 nus,
1145 5173 1172 5226 et
1187 5167 1258 5225 luna
1273 5171 1334 5225 tota
1349 5169 1424 5226 lacta
1438 5176 1483 5228 est
1497 5172 1573 5230 sient
1588 5171 1711 5246 sangnis
1721 5171 1812 5244 (Aper.
1829 5172 1860 5239 1).
1870 5192 1884 5222 a

178 5289 193 5318 ιι
208 5265 299 5322 maris
309 5269 338 5319 et
348 5263 503 5327 ductuum,
515 5282 530 5312 a
543 5257 701 5330 etreliqua.
714 5255 929 5314 Praevidcnsvel
940 5272 1007 5312 con·
1060 5259 1096 5314 Et
1121 5256 1294 5331 Apostolus:
1312 5282 1325 5308 ιι
1343 5259 1462 5333 Oportet
1485 5261 1612 5320 hffiresgs
1635 5277 1710 5328 ΘΜ,
1726 5263 1760 5318 up
1772 5257 1886 5332 probati

177 5343 1007 5416 descendensetconsnlensDominnsbnmanaelrsgilitati
1062 5347 1210 5403 manifesti
1226 5347 1334 5416 ssent(l
1346 5349 1406 5406 Cor.
1422 5351 1472 5423 nr.)
1486 5373 1500 5400 a
1511 5350 1655 5416 Quoniam
1666 5366 1732 5408 cum
1746 5348 1889 5406 Dominus

178 5440 386 5499 ifibulaiiffless
401 5443 430 5495 θῑ
443 5453 608 5511 pressuras,
632 5452 694 5507 ΨΜ
715 5433 791 5490 ῦῐΐθθ
806 5433 894 5489 finem
909 5429 1008 5486 flaessuli
1062 5435 1224 5507 potentiam
1234 5437 1353 5494 virtutis
1364 5456 1420 5495 non
1432 5441 1577 5509 ostendet,
1588 5438 1717 5497 Ecclesia
1727 5436 1890 5511 provenite·

178 5536 306 5588 Vsssslffl'ffl
317 5531 399 5596 suni,
408 5527 494 5600 1⁰11ssss
505 5529 572 5582 anie
583 5525 678 5580 licere
689 5520 790 5583 VOIUil.
799 5527 832 5577 ut
846 5524 927 5577 lanio
943 5517 1009 5574 faoi·
1064 5524 1102 5580 tis
1116 5523 1283 5582 testimonio
1298 5527 1543 5600 martp'rii'eruore
1558 5527 1801 5603 sanguineaerit,
1815 5524 1892 5580 sicut

178 5613 237 5679 lios
245 5618 412 5676 tolerentur
421 5632 489 5671 cum
499 5611 641 5684 venerint,
654 5615 765 5684 quanto
774 5611 809 5666 ab
819 5611 881 5682 ipso
893 5608 1010 5682 longius
1064 5629 1116 5684 per
1130 5613 1240 5672 loelem
1252 5617 1424 5690 prophetam
1441 5617 1564 5674 dicitur:
1577 5641 1591 5669 ιι
1603 5617 1652 5676 sol
1668 5617 1850 5674 eonvertatur
1860 5609 1890 5664 in

353 4869 493 4916 aeumlao
516 4869 646 4912 SfflUNDA
663 4866 821 4908 ADVENTDS·
