3950 6174
182 306 247 374 cas
470 303 677 372 neruosus
699 299 1115 396 elaaaasrlr.ss1²tsc.
1137 305 1224 372 oar.
1246 307 1346 374 elas
1367 307 1601 376 11.-aoun.
1790 311 1837 382 ee
1935 266 1936 292 Ν

185 444 260 504 vine
275 439 429 518 potestatis
444 445 489 500 est
502 441 670 500 declaratio.
687 443 744 498 Nec
766 441 929 515 putandum
954 445 1008 512 eat,
1023 436 1053 506 Α
1066 443 1120 500 tris
1135 444 1191 501 mei
1215 444 1383 502 mansiones
1407 443 1505 502 multa
1527 450 1594 503 sunt
1608 445 1686 520 (loce.
1709 448 1766 524 xiv).
1780 475 1791 502 a
1803 454 1836 512 Ad
1935 468 1936 479 ι

186 536 262 593 hanc
277 532 412 590 camdem
426 547 491 588 aeae
505 529 670 599 lectionem,
689 530 738 587 ubi
752 531 801 586 alii
826 530 1010 605 evangelistas
1066 551 1155 608 quam
1171 534 1378 592 ardentissimo
1402 550 1501 592 arnore
1523 535 1661 607 pervenire
1682 539 1782 612 optabat
1792 541 1837 611 ille,
1936 601 1937 616 ,

186 619 894 696 dequinquepanibusquinquemilliehominum
906 622 1013 679 satiata
1066 623 1116 697 qui
1133 624 1262 681 dicebat:
1281 647 1295 676 a
1312 623 1405 680 Unam
1420 623 1492 696 petii
1506 639 1523 679 a
1537 623 1662 694 Domino,
1676 625 1742 684 hauc
1763 632 1839 703 requi·

186 712 278 770 luisse
293 710 437 768 raserunt:
447 709 561 783 quiaibi
574 708 872 782 discipuliDcminum
882 727 1011 768 commo·
1066 730 1139 782 ram,
1157 717 1189 769 ut
1202 713 1364 770 inhabitem
1374 712 1403 768 in
1414 713 1501 770 domo
1510 712 1619 770 Domini
1630 715 1751 773 omnibus
1759 717 1840 776 diebus

186 805 267 869 nent,
284 804 318 856 ut
332 798 459 856 dimittat
473 799 575 854 turbas
589 815 760 871 amoreque
775 798 831 855 sibi
848 800 1012 856 necessaria
1064 801 1128 866 vite
1144 819 1214 858 mea
1231 803 1316 874 (Pscl.
1333 801 1420 872 xxvi).
1438 823 1452 851 ι»
1467 802 1839 876 Viaautempresenaestrila

186 895 266 957 sunt,
282 889 331 946 bie
345 891 441 944 autem
453 886 693 964 Dominpssupra
707 889 1009 946 turbamesurientem
1064 890 1200 957 Quandiu
1215 890 1294 948 enim
1309 889 1445 958 vivimus,
1463 890 1493 946 in
1507 889 1553 946 m'a
1567 907 1674 959 sumus,
1692 893 1840 967 necdumque

187 977 387 1037 misericordia
402 980 499 1032 motus
514 974 638 1031 dieitur:
650 975 692 1032 ibi
702 977 833 1050 quinque
850 995 951 1050 panes,
962 978 1010 1035 bie
1065 980 1100 1036 ad
1118 979 1241 1054 patriam
1258 979 1453 1052 pervenimus.
1463 978 1526 1034 Non
1540 977 1842 1054 vultergoDcminuatur·

186 1073 298 1142 septem
315 1066 406 1124 luisse
418 1069 632 1122 memorantur:
643 1065 684 1122 ibi
697 1066 1011 1140 hordeacei,hiccujus
1065 1070 1133 1126 bem
1145 1068 1279 1140 jejunam
1295 1065 1453 1133 dimittere,
1476 1081 1512 1121 ns
1537 1065 1668 1122 deliciunt
1688 1067 1715 1123 in
1728 1069 1778 1126 via:
1791 1072 1843 1142 quia

185 1157 300 1232 generis
317 1172 438 1212 annonae
449 1153 816 1220 luerint,nouderlaratur:
829 1156 867 1212 ibi
881 1157 1010 1231 quinque
1064 1156 1146 1214 electi
1163 1173 1199 1212 ne
1215 1155 1244 1212 in
1261 1155 1396 1228 presenti
1411 1155 1470 1211 vite
1483 1172 1501 1211 a
1514 1155 1588 1211 bono
1603 1171 1682 1228 opere
1692 1163 1843 1232 cessentpa-
1880 1151 1884 1164 '

185 1245 278 1304 millia
292 1243 625 1316 hcminumdequinque
632 1244 758 1317 panibus
771 1246 866 1302 satiati
874 1253 952 1316 sunt,
963 1247 1011 1304 hic
1064 1244 1133 1302 bulo
1147 1245 1226 1302 verbi
1241 1244 1291 1301 Dei
1307 1244 1445 1317 pascendi
1461 1247 1544 1300 sunt:
1555 1242 1697 1316 quiasicut
1710 1244 1844 1302 deficitaer·

185 1337 220 1392 de
235 1337 346 1408 septem
364 1331 490 1405 panibus
506 1335 633 1404 quatuor
643 1331 736 1389 millia
750 1333 1011 1410 reiecte:ibisupra
1064 1351 1120 1409 pus
1134 1335 1197 1390 eine
1212 1333 1286 1402 cibo,
1303 1333 1344 1390 ite
1359 1331 1535 1390 animosius
1558 1332 1640 1390 verbo
1655 1332 1708 1388 Dei.
1729 1334 1781 1398 Quo
1796 1335 1845 1392 cibe

185 1425 284 1482 lenum
299 1421 523 1488 discubuerunt,
540 1421 587 1477 bic
599 1424 812 1494 superterram.
822 1423 949 1482 Undeibi
960 1443 1011 1500 par
1064 1424 1144 1482 milei
1159 1422 1344 1480 desiderabat
1359 1420 1417 1490 ille,
1431 1419 1481 1496 qui
1497 1420 1626 1478 dicabat:
1641 1443 1654 1472 r
1671 1423 1793 1480 Dominus
1809 1441 1845 1496 pa·

183 1512 313 1581 turbem,
330 1529 394 1585 quae
411 1526 444 1566 ex
460 1511 590 1582 quinque
614 1511 742 1583 panibus
757 1512 864 1568 satiata
887 1516 941 1581 est,
958 1531 1010 1588 po·
1064 1513 1120 1569 scit
1133 1529 1190 1582 me,
1205 1515 1233 1568 et
1249 1510 1322 1567 nibil
1338 1509 1410 1567 mibi
1427 1510 1530 1577 deerit,
1546 1509 1575 1566 in
1589 1509 1762 1584 locopescua
1774 1513 1847 1570 ibina

183 1601 272 1676 putus
287 1599 416 1672 sublege
432 1599 848 1673 VeterisTestamentipositus
858 1602 1009 1658 essedesi-
1064 1599 1215 1658 collocavit
1228 1599 1313 1672 (Prot.
1329 1599 1411 1670 xxii).
1430 1621 1444 1647 »
1459 1597 1540 1664 Quod
1559 1602 1654 1655 autem
1676 1601 1846 1674 subjungitur:

183 1693 301 1764 gnatur,
318 1688 367 1762 qui
378 1688 511 1761 quinque
525 1688 615 1746 libros
625 1689 714 1763 llloysi
725 1690 762 1745 ad
774 1707 857 1746 suam
873 1691 1010 1750 eruditio·
1064 1715 1077 1742 “
1095 1689 1220 1756 Ouidam
1236 1691 1334 1744 autem
1352 1687 1387 1744 de
1402 1686 1488 1760 leuge
1502 1692 1643 1744 venerunt
1657 1705 1690 1746 ex
1702 1689 1749 1746 eis.
1765 1713 1777 1740 e
1789 1691 1847 1747 Sint

183 1796 252 1837 nem
267 1777 391 1851 accepit:
409 1776 456 1833 hic
472 1780 630 1850 autemper
641 1779 840 1852 turbamque
857 1785 1008 1854 exceptam
1023 1803 1049 1872 B
1063 1783 1222 1850 utrumque
1237 1775 1379 1850 populum
1393 1776 1499 1834 referre
1507 1775 1848 1852 voluerimus,pepuluslu-

183 1869 310 1942 panibus
319 1868 457 1932 relicitur,
467 1865 784 1924 multitudohominum
793 1869 935 1942 ildelium,
945 1887 1008 1943 que
1064 1870 1193 1925 deorum
1209 1867 1245 1924 de
1260 1866 1450 1940 properauit,
1468 1864 1536 1939 quie
1552 1865 1625 1940 legis
1639 1867 1762 1924 notitiem
1773 1871 1796 1924 at
1813 1870 1849 1925 Dei

185 1956 375 2030 pergratiam
390 1955 461 2012 Novi
475 1957 654 2014 Testamenti
670 1958 801 2030 quotidie
816 1959 1010 2031 pascitur,de-
1063 1957 1259 2032 cognitionem
1275 1954 1393 2011 babuit:
1409 1954 1445 2011 de
1460 1953 1546 2028 longe
1562 1959 1656 2012 autem
1672 1956 1849 2030 gentilismi,

185 2046 329 2120 signatur.
345 2045 425 2102 Hunc
439 2045 556 2101 turbam
572 2045 662 2104 Isaiae
679 2046 708 2101 in
733 2046 838 2119 spiritu
853 2063 870 2104 a
885 2048 1008 2106 Domino
1063 2045 1181 2119 quando
1196 2047 1264 2117 post
1278 2041 1576 2100 idolorumeulturam
1586 2045 1621 2100 ad
1629 2045 1674 2100 Dei
1688 2044 1850 2120 cognitionem

184 2134 363 2209 pascendam
380 2133 561 2206 previderat,
578 2149 645 2191 cem
661 2134 791 2192 dicebat:
809 2159 824 2187 «
838 2137 961 2194 Venient
971 2137 1007 2194 ed
1063 2137 1285 2192 conversasset.
1300 2132 1382 2190 Unde
1396 2130 1556 2204 Apostolus
1577 2133 1632 2190 ait:
1648 2156 1662 2183 «
1678 2134 1737 2207 lpse
1757 2139 1794 2190 est
1809 2152 1850 2207 par

184 2241 253 2281 eum
269 2237 371 2280 omnes
386 2227 499 2296 gentes,
514 2226 542 2280 et
555 2222 642 2280 ibunt
649 2222 853 2296 pepulimulti,
866 2225 1006 2283 etdicent:
1063 2228 1174 2292 nostre,
1190 2223 1240 2298 qui
1256 2222 1323 2280 lecit
1338 2223 1462 2294 utraque
1477 2238 1571 2278 unum
1581 2221 1655 2295 (Epi.
1670 2223 1709 2296 ιι),
1724 2223 1851 2291 »Quotidie

185 2313 296 2370 Domus
310 2312 412 2378 Jacob,
427 2311 534 2379 venite,
549 2316 577 2368 et
592 2312 778 2370 ambulemus
789 2311 818 2370 in
835 2313 947 2370 lumine
957 2315 1008 2372 Do·
1062 2331 1129 2371 vero
1144 2312 1173 2368 in
1190 2310 1377 2368 conversione
1391 2309 1534 2379 ildelium,
1552 2311 1602 2368 alii
1618 2311 1653 2368 de
1667 2327 1758 2386 prope,
1773 2311 1812 2368 elii
1825 2313 1852 2368 de

183 2401 339 2474 mini(lse.
372 2401 411 2473 u).
430 2423 444 2450 »
469 2401 505 2456 Dt
534 2399 733 2458 Psalmista:«
759 2401 867 2458 Omnes
895 2407 1007 2476 gentes,
1063 2399 1851 2477 lengeadildamvcniunt.0uieniminnulliacrimina·

184 2506 376 2565 quascunque
391 2488 495 2558 iecisti,
511 2489 628 2546 venient
643 2493 672 2546 et
682 2487 847 2547 adorabunt
860 2507 958 2548 coram
968 2496 1007 2560 te,
1062 2491 1141 2548 libus
1149 2487 1550 2565 peccatiscentuminatusDci
1557 2489 1728 2546 voluntatem
1735 2491 1851 2564 sequitur,

183 2578 315 2646 Domine,
332 2582 361 2635 et
375 2577 583 2652 glorificabunt
598 2594 704 2636 nomen
720 2583 805 2635 tuum
821 2578 850 2635 in
866 2583 1008 2637 aternum
1062 2582 1127 2638 aine
1140 2579 1231 2636 dubio
1245 2579 1282 2635 dc
1295 2595 1385 2652 prope
1399 2577 1488 2634 venit.
1505 2579 1563 2635 Sed
1579 2582 1608 2636 at
1623 2579 1657 2651 is,
1674 2576 1852 2652 quilicitocon·

183 2668 270 2738 (Prot
286 2667 397 2739 mxv).
416 2689 430 2718 a
446 2667 480 2723 Dt
503 2667 577 2724 bane
593 2667 622 2724 in
638 2666 689 2724 illa
712 2667 879 2736 relectione,
896 2685 959 2742 que
974 2687 1010 2726 ex
1058 2670 1144 2744 Jugio
1160 2672 1295 2742 expertus
1318 2667 1355 2723 ad
1373 2671 1463 2723 Deum
1486 2669 1675 2736 convertitur,
1698 2685 1729 2725 er
1750 2666 1854 2741 proximo
1940 2697 1941 2702 κ

183 2756 313 2831 quinque
326 2757 453 2830 panibus
466 2756 544 2813 laeta
558 2760 612 2824 ast,
629 2773 681 2829 per
696 2773 785 2830 quam
800 2757 941 2830 populum
956 2758 1009 2814 Ju-
1061 2759 1150 2816 venit.
1166 2757 1221 2822 Oui
1235 2761 1333 2814 autem
1353 2758 1420 2829 post
1443 2754 1562 2829 publica
1586 2757 1703 2831 flagitia,
1729 2755 1853 2820 adulteria,

183 2843 1009 2918 deorumdiximussignificaridiscipuliDcminumcom·
1063 2850 1150 2916 turta,
1168 2843 1336 2912 homicidia,
1352 2845 1517 2913 ebrietates,
1534 2846 1665 2919 rapinas,
1676 2863 1725 2919 per
1740 2845 1855 2918 poeniten·

182 2933 334 2991 monuisse
348 2933 498 3004 dicuntur,
514 2935 547 2989 ut
560 2932 721 2990 dimitteret
736 2935 838 2992 turbas
846 2951 941 2994 emere
952 2936 1009 2994 sibi
1061 2938 1134 2994 tiam
1147 2937 1182 2993 ad
1199 2940 1290 2992 Deum
1306 2934 1492 3006 convertitur,
1509 2934 1728 3010 dalongevenit.
1743 2933 1853 3006 Depropc
1940 2961 1941 2966 κ

181 3020 358 3090 necessaria,
374 3021 444 3094 quia
459 3019 536 3079 idem
553 3021 680 3094 populus
695 3027 761 3080 ante
776 3024 933 3082 adveutum
953 3027 1007 3082 Do·
1062 3030 1161 3084 autem
1175 3024 1263 3092 venit,
1280 3023 1330 3096 qui
1346 3021 1585 3097 abipseinlentia
1596 3022 1855 3098 velpueritiainear·

181 3110 254 3168 mini
271 3109 453 3184 patriarchas
478 3114 507 3166 at
527 3110 684 3183 propbetas
705 3128 775 3170 sues
801 3112 1008 3172 intercessores
1061 3114 1130 3172 vitio
1146 3113 1195 3172 Dei
1210 3129 1241 3170 se
1257 3110 1420 3186 mancipat:
1435 3111 1663 3186 detergerem,
1688 3113 1735 3186 qui
1750 3111 1775 3168 in
1789 3125 1855 3167 sane·

180 3198 294 3258 habuit.
304 3198 763 3273 lubacautemipseDominused
776 3201 1005 3259 miscricordiam
1022 3175 1045 3243 c
1062 3209 1139 3262 ctute
1153 3203 1191 3260 ad
1205 3202 1298 3259 Deum
1314 3201 1655 3258 convertitur.Promittit
1665 3200 1856 3276 erchcminus

180 3292 390 3356 commovetur,
408 3287 602 3363 quiagentilis
613 3287 1005 3362 populusnonauismeritis,
1060 3293 1159 3349 cibum
1175 3308 1206 3348 se
1220 3289 1358 3347 daturum
1371 3289 1459 3346 etiam
1474 3288 1533 3358 bis,
1549 3290 1600 3363 qui
1613 3290 1737 3364 delonge
1747 3289 1854 3352 veniunt,

181 3394 233 3435 nec
249 3377 346 3452 aliquo
363 3377 583 3444 interveniente,
599 3378 650 3434 sed
667 3377 730 3434 sola
745 3379 874 3451 gratuita
889 3380 1005 3437 Domini
1059 3382 1201 3455 quianon
1216 3377 1497 3453 solumjustos,scd
1513 3377 1603 3436 etiam
1627 3382 1782 3454 peccatores
1802 3393 1854 3434 cca-

181 3466 383 3522 misericcrdia
396 3466 524 3524 salvatus
549 3470 603 3525 est.
630 3467 707 3524 sieut
722 3467 830 3524 Paulus
855 3469 1005 3542 apostolus
1058 3486 1157 3528 versos
1172 3469 1274 3542 recipit
1286 3473 1315 3524 et
1329 3470 1419 3534 amat,
1436 3465 1513 3524 sicut
1526 3471 1557 3524 et
1573 3468 1699 3541 ipseait:
1715 3467 1791 3524 «Nou
1804 3463 1855 3521 veni

180 3555 236 3612 ait:
254 3579 268 3604 «ι
285 3555 385 3612 Gratia
400 3555 450 3612 Dei
466 3555 538 3613 salvi
554 3556 622 3613 lecti
638 3557 710 3612 estis
724 3557 803 3628 (pr.
817 3556 858 3628 ιι).
872 3579 886 3608 »
898 3558 931 3613 Dt
942 3558 1005 3631 pul·
1058 3575 1160 3616 vocare
1172 3559 1281 3631 justos,
1297 3555 1348 3614 scd
1363 3559 1529 3628 peccatores
1544 3557 1580 3614 ad
1592 3555 1784 3630 penitentiam
1798 3555 1856 3626 (tac.

180 3642 248 3699 chre
263 3643 405 3700 Dominus
419 3647 550 3713 turbam,
567 3662 655 3717 quam
671 3661 771 3701 amors
787 3645 864 3702 verbi
877 3640 926 3702 Dei
937 3664 1005 3704 esu·
1059 3651 1099 3717 v).
1117 3669 1131 3700 a
1146 3649 1182 3704 Ει
1194 3644 1353 3720 Apostolus
1368 3645 1423 3701 ait:
1440 3667 1455 3695 «
1470 3643 1599 3703 Veniens
1613 3643 1806 3720 evangelizavit
1817 3657 1857 3714 pa·

179 3731 302 3790 rientem
316 3731 398 3800 vidit,
414 3733 503 3790 etiam
519 3733 583 3790 cibo
599 3731 740 3805 corporali
750 3734 852 3800 resscit,
869 3734 1005 3793 utinillis
1058 3751 1122 3794 cem
1138 3735 1185 3794 his
1199 3733 1250 3808 qui
1265 3738 1349 3791 erant
1363 3749 1462 3807 prope,
1479 3737 1508 3790 et
1521 3732 1719 3809 bisquilonge
1733 3730 1857 3806 (prulu
1939 3797 1940 3816 χ

179 3819 352 3894 adimpleret
367 3822 444 3896 quod
461 3822 521 3896 ipse
537 3821 606 3878 alibi
622 3821 766 3894 promisit,
784 3821 1005 3892 dieens':«0ua-
1059 3823 1179 3882 Talibus
1195 3839 1263 3896 ergo
1279 3839 1332 3880 nec
1345 3821 1471 3891 veniam,
1489 3837 1541 3879 nee
1557 3823 1658 3880 cibum
1680 3825 1794 3896 abnegat
1813 3817 1858 3882 ille,
1939 3821 1940 3857 ι

178 3910 233 3966 rite
249 3911 376 3982 primum
394 3928 517 3985 regnum
532 3910 583 3968 Dei
599 3911 787 3983 etjustitiam
808 3913 883 3984 ejus,
902 3917 930 3969 et
944 3913 1004 3970 haee
1058 3913 1109 3986 qui
1123 3929 1174 3986 per
1189 3911 1360 3985 prophetam
1376 3911 1418 3968 ait
1441 3912 1547 3981 (Enoch.
1573 3916 1670 3982 xviiii:
1696 3935 1710 3962 «ι
1726 3909 1788 3966 Vivo
1808 3923 1858 3980 ego·

179 3997 279 4055 omnia
294 4000 470 4070 adjicientur
483 3999 566 4056 vobis
578 4000 683 4072 (liutet.
699 4001 748 4069 vr).
768 4021 782 4050 a
799 4001 1004 4076 Recteergode
1058 4001 1132 4060 dicit
1146 4001 1289 4059 Dominus
1306 4001 1392 4070 Deus,
1408 3999 1478 4073 quia
1493 3999 1559 4058 nolo
1576 4005 1701 4058 mortem
1715 3995 1859 4074 peccatoris.

178 4087 232 4144 bac
247 4088 334 4144 turba
348 4088 471 4146 dicitur:
489 4112 503 4140 «
520 4088 737 4161 Ouineccejam
747 4089 844 4146 triduo
857 4092 1005 4150 sustinent
1058 4091 1109 4148 aad
1125 4093 1158 4146 ut
1171 4092 1357 4145 convertetur
1370 4091 1400 4146 ct
1413 4087 1499 4145 vivat.
1523 4111 1537 4138 u
1553 4090 1590 4146 llt
1616 4089 1736 4146 iterum:
1751 4111 1764 4138 «
1778 4087 1858 4142 recca

178 4197 192 4226 c
209 4193 265 4245 me,
282 4193 334 4234 nec
350 4177 460 4235 hebent
473 4178 551 4251 quod
568 4178 756 4236 manducant.
774 4201 788 4229 »
805 4180 904 4237 Turba
924 4181 1003 4238 enim
1057 4183 1104 4237 tor
1117 4177 1333 4252 inquacuuque
1345 4177 1666 4247 diaconvarsusiuerit,
1677 4171 1859 4252 etingemusril
1938 4163 1939 4226 j

180 4264 1002 4342 Dominumtriduosustinet,cumildclispepulusineen·
1058 4271 1210 4343 peecatum
1226 4283 1324 4334 suum,
1341 4264 1441 4322 omnia
1455 4271 1574 4338 peccata
1588 4268 1655 4339 ojus
1669 4264 1797 4322 oblivioni
1813 4265 1856 4317 tra·
1938 4269 1939 4316 ζ

178 4353 303 4412 sessione
319 4359 426 4412 sancta
442 4355 594 4413 Trinitatis
604 4356 820 4413 incessabiliter
829 4363 1003 4430 perseverat.
1058 4357 1164 4415 dentur
1178 4354 1284 4430 (loidi.
1303 4377 1316 4406 »ι
1333 4355 1367 4411 ltt
1383 4371 1501 4412 rursus:
1521 4378 1531 4405 ι
1549 4351 1862 4429 Nunquidobliviscipo·

177 4443 328 4530 Suetipera
344 4444 422 4500 enim
434 4443 523 4500 home
538 4445 630 4501 Deum
646 4445 764 4512 dicitur,
777 4461 843 4500 cum
853 4446 942 4502 etiam
952 4465 1004 4506 nec
1058 4450 1116 4503 test
1131 4444 1238 4502 mulier
1252 4444 1395 4501 insaniem
1411 4460 1510 4512 auum,
1527 4449 1560 4501 ut
1575 4462 1634 4502 uon
1648 4437 1859 4502 misercaturfilic

176 4531 253 4588 inter
265 4533 388 4589 adversa
402 4533 438 4590 ab
454 4535 518 4606 ejus
535 4533 633 4590 delicit
647 4549 755 4600 amore,
781 4534 900 4591 imitans
916 4534 1001 4594 illum
1019 4546 1042 4612 ῃ
1057 4536 1132 4594 uteri
1148 4534 1214 4592 aui?
1228 4533 1259 4591 m
1277 4534 1302 4591 si
1319 4533 1371 4590 illa
1385 4532 1480 4590 oblita
1503 4533 1602 4605 luerit,
1629 4551 1682 4609 ego
1705 4537 1794 4589 tanim
1816 4543 1860 4583 non

177 4619 227 4694 qui
238 4619 368 4677 dicebat:
388 4621 514 4694 «Dirige
530 4639 576 4677 me
591 4621 621 4677 in
637 4619 758 4678 veritate
771 4622 933 4680 tuaetdoee
947 4641 1003 4692 me,
1060 4623 1214 4682 obliviscar
1227 4621 1271 4678 tui
1286 4625 1350 4694 (leo.
1367 4621 1452 4695 xcix).
1469 4643 1483 4674 a
1501 4621 1535 4678 m
1551 4623 1580 4680 in
1596 4621 1762 4697 Evangelio:
1785 4643 1796 4670 a
1812 4615 1860 4671 lion

176 4708 246 4782 quia
261 4712 292 4766 tu
306 4726 338 4766 cs
353 4710 432 4768 Deus
446 4710 573 4768 salvator
588 4725 682 4780 meus,
698 4713 727 4765 et
740 4711 768 4765 te
781 4709 922 4767 suistinui
942 4716 1004 4769 tota
1058 4718 1103 4772 est
1116 4728 1190 4786 epus
1203 4711 1285 4770 sanis
1301 4711 1444 4780 medicus,
1454 4703 1859 4776 sedmalchabentibusfflottb.

176 4798 222 4854 die
236 4801 322 4868 (Psoi.
340 4802 426 4869 xxiv).
443 4823 457 4850 »
472 4799 576 4855 Aliter:
603 4798 702 4854 Turba
723 4797 821 4855 triduo
847 4799 1002 4858 Dominum
1058 4805 1108 4872 rx),
1128 4825 1142 4852 a

176 4887 310 4956 sustinet,
328 4906 395 4946 cum
412 4888 495 4946 electi
512 4885 704 4954 intellectum,
721 4888 894 4944 memoriam
909 4893 938 4944 et
952 4906 1000 4945 vo·
1095 4914 1106 4943 ι
1124 4891 1159 4948 Dt
1173 4890 1389 4964 responderunt
1415 4891 1442 4948 ei
1458 4889 1595 4965 discipuli
1621 4892 1683 4948 sui:
1708 4887 1784 4946 Unda
1803 4883 1860 4939 istos

176 4972 318 5032 luntatem
334 4977 363 5033 in
379 4979 455 5036 bono
471 4993 558 5050 opere
573 4980 726 5050 occupant.
743 4975 806 5032 Sive
817 4981 894 5034 certe
909 4978 1003 5035 Domi·
1058 5003 1072 5032 a
1089 4979 1194 5054 poterit
1209 4979 1277 5053 quis
1292 4978 1341 5036 bic
1357 4984 1489 5037 saturare
1504 4979 1633 5053 panibus
1647 4979 1678 5038 iu
1694 4968 1858 5036 solitudineb

177 5077 248 5116 num
265 5063 361 5121 triduo
375 5066 510 5134 sustinet,
528 5083 596 5124 cum
612 5065 701 5122 fidem
716 5069 745 5123 et
760 5081 842 5138 spem
858 5069 888 5122 et
907 5066 1002 5123 chari-
1057 5069 1089 5128 ln
1105 5067 1162 5125 alia
1175 5068 1330 5125 relectione
1346 5067 1499 5143 Philippus
1513 5067 1679 5144 specialiter
1692 5065 1793 5125 dixisse
1805 5075 1858 5118 aar·

177 5152 266 5204 tatem
282 5150 478 5212 inviolabilem
495 5160 599 5226 servat,
616 5156 652 5212 de
666 5154 774 5228 quibus
786 5154 1001 5228 Apostolusait:
1057 5161 1154 5214 ratur:
1172 5179 1186 5207 «
1202 5156 1400 5214 Ducentorum
1416 5157 1606 5215 denariorum
1622 5174 1714 5232 panes
1728 5170 1782 5211 non
1792 5147 1858 5206 suffi-

179 5259 192 5287 a
208 5237 344 5294 Maneant
358 5239 387 5295 in
400 5243 482 5300 robis
498 5245 581 5312 fides,
598 5261 676 5317 spes,
691 5242 819 5301 charitas
845 5243 901 5300 tria
923 5245 1000 5302 hec:

177 5325 273 5398 major
287 5331 386 5384 autem
401 5328 448 5385 bis
460 5335 504 5390 est
520 5333 646 5390 ebaritas
661 5336 686 5404 (l
699 5337 760 5392 tior.
777 5333 850 5405 χιιι).
869 5356 882 5385 u

213 5438 227 5466 a
245 5415 319 5470 Etsi
337 5416 475 5474 dimisero
495 5435 544 5475 eos
563 5423 682 5494 jejunos
706 5421 736 5478 in
761 5422 883 5479 domum
905 5437 1001 5490 suam,

179 5527 193 5557 a
209 5502 389 5562 deficientia
405 5505 461 5563 via.
482 5529 495 5556 u
512 5511 619 5564 Demus
634 5509 792 5568 electorum
808 5512 925 5586 proprie
946 5531 1002 5570 ooe-

177 5593 260 5656 lestis
274 5597 318 5650 est
332 5594 437 5672 patria,
453 5593 554 5670 deque
567 5596 708 5656 Dominus
721 5600 775 5656 ait:
793 5600 1001 5660 «lndemoPa·

1057 5245 1251 5312 ciuntturbe,
1269 5249 1301 5302 ut
1317 5233 1859 5322 unusquisqucmodicumquidaccipiat

1056 5336 1146 5405 (loon.
1163 5337 1212 5404 vr).
1230 5357 1245 5385 a
1258 5322 1859 5410 Nuncautemgeneraliteremnesdiacipuli

1057 5423 1175 5481 dicunt:
1193 5447 1206 5475 ι(
1221 5423 1304 5480 Unde
1318 5425 1425 5497 poterit
1435 5424 1508 5483 istos
1523 5425 1590 5500 quis
1604 5424 1654 5480 hic
1678 5427 1800 5480 saturare
1819 5428 1860 5487 ρι’

1057 5514 1147 5571 cibus
1162 5512 1192 5569 in
1209 5511 1387 5570 solitudine?
1403 5536 1417 5564 a
1428 5514 1542 5580 Quanto
1556 5531 1625 5589 ergo
1639 5507 1785 5586 discipulis
1798 5499 1860 5597 dim

1057 5600 1141 5660 eilior
1154 5618 1201 5660 res
1216 5602 1278 5659 visa
1293 5607 1348 5674 est,
1365 5606 1446 5662 tanto
1463 5605 1558 5680 megia
1573 5600 1745 5662 miraculum
1765 5589 1861 5652 nonin
