3930 6172
107 307 160 368 aar
210 281 212 286 ’
706 301 882 366 nonina
903 298 954 362 on
976 303 1175 370 rannone.
1738 314 1799 380 une

107 439 276 496 nutriamus
292 439 512 512 supradomum
530 439 622 494 cadet.
641 461 651 490 ι
678 437 766 493 Juxta
790 434 917 492 litteram
933 435 961 502 Α
1010 461 1024 488 «
1042 439 1109 496 ldro
1122 439 1177 514 ipsi
1189 441 1306 513 judices
1320 442 1409 500 vostri
1423 448 1518 500 crunt.
1536 467 1549 494 n
1567 445 1664 514 idest,
1681 447 1799 506 infirme

104 530 141 585 ita
155 532 210 596 est;
226 527 338 586 sienim
356 545 477 603 rognum
494 529 524 586 in
540 527 670 601 seipsum
683 526 808 582 divisum
821 523 917 590 luerit,
973 531 1001 582 et
1015 530 1247 604 contemptibilia
1263 534 1799 609 mundiquaeegoclegiutconlundant

106 621 133 673 ut
147 617 221 673 uliud
236 634 294 686 rex,
308 616 385 674 aliud
404 618 560 692 principes,
573 616 652 674 alind
667 617 767 682 duces,
777 615 855 670 aliud
869 613 921 670 mi·
974 615 1068 684 sortia,
1086 617 1223 698 discipuli
1239 621 1307 688 mei,
1324 623 1373 696 qni
1389 624 1728 681 curationesdaemonnm
1743 631 1799 683 Deo

103 707 163 764 lites
177 707 313 774 sentiant,
321 706 529 764 desolationem
538 705 658 780 patitur.
666 703 919 782 Similiterdomus
973 708 1000 758 ot
1017 721 1073 768 non
1090 706 1251 765 Beelzebub
1266 710 1428 786 assignant,
1440 736 1453 762 a
1466 713 1798 785 judicesvostrieruntpr

103 794 226 850 sidirisa
240 794 336 861 luerit,
353 799 386 851 ut
401 793 480 852 aliud
496 795 551 866 vir,
567 794 645 851 aliud
662 810 744 863 uxor,
761 792 839 849 aliud
856 791 918 857 lilii,
973 797 1043 850 tunc
1059 794 1179 864 seilicet,
1196 820 1210 846 a
1227 799 1345 870 quando
1360 790 1799 868 veneritl'ilinshominisetse·

102 883 172 940 alind
187 888 334 957 parentes,
350 883 430 940 aliud
447 884 533 953 servi,
550 881 918 958 etaliuddominisopiont,
974 882 1048 938 derit
1064 883 1093 940 iu
1109 885 1176 942 sedo
1193 888 1357 960 majestatis
1372 891 1593 956 sna,scdchunt
1608 879 1699 964 eti'psi
1711 909 1800 966 super

103 973 194 1046 ntique
208 977 236 1028 et
252 972 314 1046 ipsa
330 972 432 1030 ruinas
448 973 583 1048 patietur.
597 971 709 1030 Dicitur
719 970 796 1028 enim
813 971 920 1028 domus
974 971 1058 1030 sedes
1073 971 1237 1043 duodecim,
1249 975 1418 1048 judicantes
1433 979 1588 1035 duedecim
1599 980 1695 1038 tribus
1711 981 1799 1038 lsrael

103 1075 183 1136 supra
197 1060 318 1118 domum
333 1063 447 1118 cedere.
464 1063 583 1136 quando
599 1061 698 1118 anima
723 1060 815 1134 patris
838 1077 920 1117 nom·
973 1061 1087 1128 (Mollh.
1105 1067 1173 1132 xlx).
1192 1087 1202 1114 ι
1220 1061 1270 1122 Vel
1288 1069 1364 1122 certe
1380 1066 1456 1123 filios
1467 1082 1568 1123 eornm
1580 1067 1738 1125 exorcistas
1753 1087 1801 1142 ap·
1824 1069 1829 1078 '

104 1153 225 1206 moretur
240 1155 342 1207 contra
357 1151 463 1216 filium,
478 1154 507 1207 ct
522 1149 574 1206 lilii
589 1158 690 1207 contra
700 1153 823 1224 patrem,
834 1147 919 1206 sicde
974 1149 1074 1222 pellat,
1090 1151 1140 1224 qni
1156 1169 1190 1208 ex
1206 1169 1286 1210 more
1302 1154 1425 1228 antiquo
1440 1154 1469 1210 in
1486 1156 1586 1212 eodem
1597 1156 1800 1229 populohabe·

104 1236 920 1313 reliquis:inquasimilitndinclcntatoressuosDominus
974 1237 1090 1308 bantur,
1107 1240 1142 1296 ad
1159 1257 1284 1313 quorum
1299 1242 1495 1299 invocationes
1510 1241 1554 1300 vel
1570 1245 1798 1316 conjurationes,

104 1343 211 1402 aregno
227 1327 337 1384 diaboli
354 1333 453 1385 monet
469 1326 610 1393 recodere,
621 1328 699 1400 quod
713 1327 839 1383 divisum
850 1325 879 1381 in
889 1343 920 1382 se
974 1325 1120 1384 daemones
1136 1328 1173 1383 ab
1188 1329 1358 1387 hominihus
1369 1331 1561 1404 pellebantur.
1570 1331 1706 1404 Cujnsroi
1717 1335 1801 1391 testis

103 1421 273 1490 cognoscunt
286 1416 337 1472 d‘n
354 1421 430 1474 stare
446 1434 503 1474 non
528 1433 623 1490 posse.
639 1418 678 1472 Ac
694 1417 719 1472 si
745 1415 866 1472 diceret:
891 1413 919 1469 si
975 1415 1177 1488 ostiosrphus
1199 1417 1453 1492 historiographus
1477 1421 1673 1491 llebraeorum,
1700 1421 1800 1495 quiin

103 1523 177 1560 omne
193 1522 318 1579 regnum
334 1506 363 1562 in
380 1523 412 1562 se
424 1506 550 1562 divisum
567 1509 644 1562 sture
659 1505 919 1578 nonpotest,quod
974 1500 1057 1560 libris
1084 1506 1226 1578 antiquio,
1257 1511 1319 1563 tum
1345 1507 1422 1563 inter
1449 1513 1552 1565 caeleru
1575 1527 1639 1583 qua
1659 1511 1696 1567 de
1718 1511 1801 1568 Sato-

103 1595 190 1668 negari
219 1593 302 1652 nullo
329 1595 414 1651 niodo
442 1595 575 1669 potestis,
601 1583 815 1652 velocissime¹a
830 1610 920 1666 regno
975 1595 1071 1650 monis
1087 1595 1231 1668 sapientia
1247 1598 1495 1665 commemoravit,
1511 1599 1617 1670 adjecit
1632 1603 1660 1656 et
1674 1599 1739 1668 boc,
1756 1591 1801 1658 di-

102 1682 198 1740 diaholi
214 1684 354 1750 recedite,
370 1685 448 1758 quod
465 1685 523 1741 cilo
539 1701 677 1742 casurum
695 1701 751 1742 non
769 1683 918 1740 dubitetis.
936 1669 940 1678 ’
974 1698 1057 1738 cens:
1073 1683 1209 1739 Praestitit
1224 1690 1321 1742 antem
1338 1685 1479 1743 Dominus
1494 1686 1654 1756 Salomoni,
1665 1693 1698 1745 ut
1709 1679 1801 1746 etiam

102 1773 221 1846 Regnum
238 1773 320 1830 enim
335 1772 444 1831 diaboli
460 1775 490 1832 in
504 1772 564 1830 illis
575 1774 667 1840 estin
684 1773 921 1847 quibuspcrpec·
935 1807 959 1874 B
975 1771 1122 1830 daemones
1136 1773 1265 1846 ejiceret,
1281 1775 1311 1831 ot
1321 1774 1532 1832 incantationes
1542 1776 1680 1848 instituit,
1693 1776 1801 1851 quibus

100 1867 185 1919 calum
202 1869 319 1937 regnat.
337 1864 418 1930 Quod
434 1863 570 1936 quamvis
594 1862 634 1920 sit
656 1861 772 1920 unitum
790 1863 818 1918 in
844 1861 918 1918 mala
974 1860 1162 1934 egritudines
1177 1861 1290 1919 soleant
1311 1862 1450 1936 mitigari,
1477 1880 1542 1937 quas
1565 1881 1636 1921 curu
1660 1865 1801 1925 hactonus

99 1951 248 2020 uoluntate,
266 1957 367 2009 mmcn
384 1952 511 2009 dhisum
528 1953 613 2010 estin
634 1952 811 2024 operatione.
838 1950 920 2008 lilius
975 1949 1052 2022 apud
1069 1965 1122 2006 nos
1138 1950 1265 2008 mullum
1279 1951 1374 2010 valere
1388 1935 1801 2028 dignoscitur.Vidienimego

101 2039 208 2113 quidem
224 2041 417 2109 adulterium,
434 2040 511 2098 alius
530 2041 733 2110 homicidium,
759 2041 835 2098 alius
859 2043 920 2097 sur·
975 2037 1133 2108 quomdam
1149 2037 1467 2112 Eleazarumdegente
1481 2044 1591 2109 nosne,
1602 2039 1803 2115 presentave-

101 2133 167 2195 tum,
182 2128 259 2186 elius
274 2128 465 2202 sacrilegium
480 2131 636 2202 perpetrat,
649 2129 846 2184 sedtamrnex
863 2145 921 2184 una
975 2123 1111 2197 spasiano
1126 2130 1155 2180 et
1167 2125 1242 2192 Tito,
1259 2125 1375 2201 alioque
1391 2128 1479 2184 simul
1496 2130 1634 2198 exercitu,
1650 2133 1801 2188 curantem

101 2218 186 2274 radice
204 2217 290 2274 nralae
308 2217 466 2274 voluntatis
481 2218 652 2291 procedunt.
974 2230 1024 2269 eos
1040 2213 1089 2286 qni
1106 2215 1317 2272 adremonihus
1333 2219 1521 2274 vexabantur.
1533 2219 1631 2276 Genus
1642 2220 1802 2277 curationis

130 2333 142 2356 n
159 2308 187 2363 Si
202 2312 307 2364 autem
322 2313 351 2364 et
374 2308 498 2364 Satanas
521 2308 549 2362 in
574 2307 704 2380 seipsum
732 2306 843 2364 diuisus
865 2311 919 2377 est,
940 2368 943 2376 Ι
976 2301 1231 2374 futthlljtlsltlodit
1249 2304 1554 2379 Intulitllat‘ibllsejus
1570 2308 1801 2382 quiadaemonto

101 2420 112 2444 a
126 2397 272 2468 quamodo
288 2395 921 2470 stebitregnnmipsius,qniadicitisinBeel-
974 2391 1143 2459 vcxabatur,
1160 2392 1303 2448 annulum
1320 2396 1421 2450 subter
1436 2396 1561 2452 radicem
1576 2395 1733 2454 habentem
1759 2398 1799 2454 si-

100 2507 111 2533 «
126 2486 212 2542 zebul)
228 2501 280 2542 me
296 2484 400 2556 ejicere
421 2485 586 2541 damonia?
602 2507 615 2536 a
638 2489 670 2540 111
695 2485 802 2558 quihus
824 2486 921 2542 verbis
975 2481 1134 2552 goucolum
1150 2499 1167 2537 a
1181 2480 1336 2538 Salomone
1347 2489 1556 2550 monstratum,
1567 2490 1595 2542 et
1606 2487 1803 2558 repontcceci·

102 2573 229 2631 Dominus
245 2591 321 2630 suos
336 2576 495 2630 tentatores
510 2573 740 2647 prudentissimo
751 2574 921 2648 syllogismo
975 2569 1018 2623 dil
1032 2568 1129 2625 homo.
1148 2570 1238 2626 ltitle
1249 2573 1802 2644 conjuravitenmjurumentoSalomo-

101 2661 160 2718 hinc
174 2663 241 2718 inde
262 2661 420 2730 concludit,
439 2680 474 2718 nc
485 2666 584 2735 aptam
600 2663 819 2736 responsionem
841 2663 921 2720 inve·
975 2657 1032 2723 nia,
1048 2657 1189 2729 objiciens
1204 2661 1297 2715 eidem
1314 2661 1455 2728 cornima,
1468 2662 1802 2737 quaeSalomoncompo-

101 2752 154 2807 nire
168 2755 303 2824 possent.
321 2751 402 2815 Quod
420 2767 477 2807 nan
504 2750 599 2808 sultam
625 2742 682 2821 hit,
709 2754 759 2808 sed
784 2753 872 2809 etiam
890 2754 920 2810 in
976 2748 1035 2802 suit
1050 2764 1230 2820 supereum,
1248 2749 1363 2804 dicens:
1376 2749 1485 2804 Deinde
1494 2767 1545 2821 por
1555 2767 1640 2806 nares
1651 2751 1801 2808 odorantis

100 2839 225 2911 pluribus
241 2839 320 2896 lo‘cis
335 2840 504 2912 frequenter
520 2839 746 2914 iecisselcgilur,
758 2841 919 2911 sicutlecit,
975 2836 1151 2892 dfflmonium
1167 2838 1300 2904 eximii·
1316 2843 1345 2892 θῑ
1360 2855 1395 2894 11⁰
1411 2837 1801 2896 ultroudeumredireaudd-

99 2923 206 3002 'spuendo
219 2933 370 2986 evenerunt
385 2929 421 2984 ad
437 2945 504 2984 eum
514 2927 853 2999 dicentes:'Dicnobis,in
863 2947 921 3002 qua
975 2930 1029 2990 ret,
1044 2925 1803 2997 adjuranscontestatusest.Dtutostenderetllleaza-

100 3023 231 3092 potestate
247 3018 314 3074 hoec
329 3017 422 3074 lacis?
436 3018 471 3074 nt
485 3017 526 3073 ait
541 3015 724 3074 illis:eDicile
740 3018 811 3074 mihi
828 3024 856 3074 et
870 3036 921 3074 vos
976 3031 1025 3069 rus
1043 3013 1116 3068 hanc
1133 3030 1164 3069 se
1179 3015 1286 3070 habero
1300 3013 1448 3086 virtutem,
1460 3014 1625 3087 ponebatin
1636 3016 1732 3072 medio
1744 3011 1802 3089 pel'·

101 3123 182 3164 unum
197 3108 336 3176 verbum,
353 3111 381 3162 el
396 3123 449 3180 ego
464 3105 559 3162 dicam
574 3106 655 3162 vobis
666 3106 695 3162 in
712 3123 770 3178 qua
778 3111 921 3180 potestate
975 3103 1033 3158 vim
1050 3101 1166 3175 plenam
1183 3119 1271 3175 aqua,
1286 3103 1576 3175 sivequodlibctvns,
1588 3104 1759 3178 praecipiens
1769 3108 1802 3162 ul

101 3197 152 3253 heo
166 3197 240 3254 lanio
260 3195 359 3264 (narrt
385 3199 455 3264 xxr).
472 3217 485 3246 a
503 3195 584 3260 Quod
600 3195 624 3251 si
642 3212 699 3250 non
713 3197 849 3263 leocritia,
868 3213 919 3252 noc
935 3177 957 3246 G
976 3207 1110 3262 egressus
1125 3190 1161 3246 ab
1176 3190 1296 3264 hpmine
1311 3191 1386 3246 hanc
1401 3195 1550 3260 everteret,
1568 3193 1642 3248 dans
1662 3194 1801 3251 omnibus

101 3303 145 3358 ego
159 3285 259 3342 dicam
272 3284 355 3341 vohis
370 3284 401 3339 in
425 3300 484 3356 qua
507 3287 650 3356 potestate
675 3283 736 3340 hec
757 3285 841 3342 lacto.
867 3286 920 3342 Ba·
975 3280 1115 3337 indicium
1132 3281 1208 3352 qnod
1225 3279 1373 3337 hominem
1389 3279 1566 3354 reliquisset.
1583 3279 1664 3348 Quod
1673 3299 1740 3338 cum
1750 3283 1801 3341 fie-

102 3376 231 3447 plismum
248 3374 373 3430 loannis
389 3374 466 3429 unde
481 3377 553 3441 erat,
569 3371 605 3428 de
615 3372 687 3429 caelo
702 3389 738 3428 an
748 3390 783 3429 cx
796 3373 920 3430 homini·
975 3375 1028 3437 ret,
1045 3368 1447 3442 admirabantursapientiam
1457 3369 1631 3428 Salomonis.
1644 3371 1800 3429 Adhornm

102 3463 166 3519 bost
179 3466 214 3519 ht
229 3461 276 3519 illi
292 3461 492 3535 cogitaverunt
506 3461 583 3518 intra
596 3478 628 3517 se
643 3462 784 3518 dicentes:
798 3463 827 3518 Si
844 3463 921 3518 dixe·
975 3458 1676 3533 crgoexorcistarumcomparationem,Dominus
1687 3461 1801 3519 scribas

100 3551 181 3608 rimus
194 3553 230 3609 de
251 3550 336 3618 coelo,
352 3551 426 3608 dicet
446 3551 545 3606 nobis:
563 3553 658 3616 Quare
672 3567 742 3624 ergo
758 3568 815 3606 non
841 3568 919 3608 rece·
975 3554 1003 3605 et
1020 3549 1181 3604 Pharisaeos
1195 3548 1378 3620 constringit,
1395 3548 1536 3604 dicens:«
1550 3543 1578 3604 Si
1595 3547 1803 3622 egoinBeelzd·

101 3640 174 3710 pistis
188 3640 289 3698 illud?
302 3640 330 3696 Si
346 3655 380 3695 ex
393 3637 575 3708 hominibus,
591 3640 678 3696 turha
701 3655 764 3713 quas
779 3657 795 3696 a
809 3640 920 3696 deonna
975 3637 1034 3694 hub
1051 3637 1134 3710 ejicio
1149 3637 1302 3700 damonia.
1319 3637 1371 3692 filii
1386 3637 1474 3694 vestri
1487 3637 1517 3693 in
1533 3639 1802 3711 quoejieiunliahc

101 3733 137 3786 est
157 3730 317 3802 baptizata,
340 3728 484 3801 lapidabit
508 3745 571 3786 nos.
599 3729 635 3784 ut
659 3745 716 3783 non
741 3729 920 3785 invenientes
975 3728 999 3784 si
1015 3726 1140 3783 diceret:
1158 3725 1187 3782 Si
1204 3725 1414 3782 exorcistarum
1424 3725 1803 3800 expulsioDeotributtnret

101 3818 159 3890 quid
175 3819 318 3887 dicerent,
337 3817 491 3874 siluerunt.
513 3817 560 3874 Sic
585 3821 614 3872 et
628 3817 657 3872 in
674 3815 728 3872 hoc
752 3816 825 3885 loco,
850 3817 920 3890 quia
974 3833 1032 3874 non
1049 3814 1801 3888 damonibus,qnareidemopusinmenoneamdem

101 3897 220 3964 rontlleri¹
266 3905 416 3974 uolebant,
455 3905 534 3978 quod
574 3905 709 3962 Christus
746 3905 777 3962 in
813 3905 920 3963 virtute
974 3906 1062 3964 habet
1077 3901 1289 3962 reverentiam?
1304 3927 1316 3955 a
1327 3903 1801 3978 ldeoipsijudicesvcstrierunt,»

102 3993 143 4050 Dei
169 3998 319 4053 daemones
349 3996 477 4066 ejiceret,
510 4010 562 4050 nec
595 3993 742 4051 slllrmare
775 3999 918 4067 poterent,
974 4012 1032 4053 non
1049 3995 1077 4050 in
1095 3997 1249 4065 potestate,
1265 3993 1316 4049 sed
1333 3994 1560 4066 comparatione.
1572 3995 1656 4051 Sicut
1670 3997 1748 4052 enim
1761 4012 1803 4052 re·

102 4085 167 4155 quod
181 4085 309 4142 Satanas
333 4084 472 4141 Salonam
498 4083 627 4154 ejiceret,
654 4099 707 4139 nec
733 4083 854 4141 liberam
875 4101 919 4142 re·
973 4082 1141 4158 ginaSaba,
1157 4081 1801 4156 vcnleusatinibusterraaudiresapientiam

103 4173 281 4243 sponsionem
310 4171 501 4240 invenientes,
532 4172 716 4228 obstructum
741 4177 786 4230 est
816 4190 849 4230 os
877 4172 918 4230 lo·
974 4171 1149 4236 Salomonis,
1162 4170 1333 4242 judicatura
1347 4175 1391 4227 est
1406 4187 1465 4236 cos,
1482 4171 1532 4244 qui
1559 4173 1701 4242 majorem
1719 4173 1800 4228 Chri·
1871 4171 1877 4177 '

104 4263 247 4332 quentium
263 4261 376 4334 iniqua.
394 4261 513 4334 Propter
526 4261 603 4334 quod
619 4283 633 4311 α
643 4262 796 4319 trudentur
812 4263 841 4319 in
857 4279 919 4318 ma·
974 4267 1052 4318 stum
1068 4260 1223 4318 Salomone
1237 4257 1339 4314 audire
1354 4263 1606 4333 contempserunt:
1619 4263 1647 4314 et
1661 4260 1738 4316 sicut
1751 4259 1800 4314 Ni·

104 4365 150 4406 nus
164 4349 265 4426 gladii,
278 4355 308 4406 et
323 4353 421 4424 partes
434 4349 565 4422 vulpium
577 4351 757 4422 erunt(l'sol.
774 4351 919 4424 carnalla
974 4353 1069 4407 nivita
1084 4353 1204 4423 agentes
1221 4347 1466 4421 poenitentiamud
1477 4345 1799 4420 pradicationemtona

105 4454 219 4508 quornm
236 4439 383 4498 malitiam
398 4439 626 4497 convincendam
642 4440 738 4497 adhuc
757 4441 918 4514 subjunxit,
969 4439 1130 4513 judicaturi
1146 4441 1215 4494 sunt
1227 4453 1287 4502 eos,
1303 4436 1354 4510 qui
1370 4437 1511 4510 majorem
1526 4436 1601 4492 Jona
1621 4435 1799 4494 Salvatorem

107 4527 210 4588 dicens:
934 4551 958 4619 D
975 4529 1077 4587 audire
1091 4527 1257 4594 noluerunt,
1275 4525 1317 4582 sic
1333 4531 1361 4582 et
1375 4524 1424 4582 isti
1439 4525 1597 4592 exorcistae,
1615 4529 1668 4599 qut
1678 4525 1799 4583 curatio·

134 4640 146 4667 «
160 4618 188 4674 si
202 4635 257 4694 ego
273 4619 304 4675 in
320 4617 481 4674 Beelzebub
495 4617 579 4690 ejicio
599 4617 753 4686 daemonia,
765 4619 816 4676 nlii
831 4621 920 4676 vestri
976 4636 1042 4676 nem
1059 4619 1225 4674 damonum
1241 4615 1299 4672 Dco
1312 4615 1491 4684 tribuebant,
1505 4615 1639 4686 judicare
1661 4615 1801 4672 dicuntur

107 4705 157 4762 «in
173 4725 230 4781 quo
245 4707 389 4781 ejiciunt?
406 4730 420 4757 υ
436 4706 524 4764 Filios
539 4724 641 4764 eorum
664 4709 824 4783 discipulos
849 4727 919 4767 suos
973 4726 1023 4766 eos
1039 4706 1089 4781 qui
1102 4705 1281 4763 curationem
1306 4706 1473 4761 daemonum
1499 4703 1668 4773 beelzebub,
1692 4707 1720 4762 et
1742 4721 1799 4760 non

104 4792 174 4862 dicit,
190 4797 240 4870 qui
257 4795 321 4854 sino
338 4795 426 4852 dnbio
441 4813 476 4852 cx
490 4812 591 4854 eorum
604 4798 741 4872 progenie
755 4799 919 4866 nolierunt,
974 4803 1031 4854 Deo
1046 4795 1246 4870 assignabant.
1524 4861 1529 4870 ¹

106 4883 201 4951 quibus
213 4887 277 4958 jam
293 4887 467 4959 potestatem
480 4883 918 4958 effugandidamonesdederat,
1010 4909 1024 4937 α
1042 4886 1128 4942 Porro
1143 4883 1168 4940 si
1184 4883 1214 4939 in
1228 4883 1319 4956 digito
1333 4883 1383 4939 Dei
1400 4881 1485 4952 ejicio
1500 4880 1654 4947 damonia.
1672 4881 1799 4956 prolecto

108 4973 183 5044 atque
194 4974 325 5032 calcandi
347 4991 437 5048 super
459 4991 576 5032 omnem
602 4979 774 5048 potestatem
796 4977 919 5045 inimici,
977 4973 1136 5049 «pervenit
1150 4974 1181 5029 in
1195 4989 1245 5029 vos
1260 4988 1383 5045 regnum
1401 4970 1458 5028 Dei.
1476 4993 1490 5023 a
1508 4969 1623 5046 Digitus
1643 4969 1705 5042 Dei,
1733 4970 1798 5045 Spi-

107 5057 209 5118 diccns:
228 5087 239 5116 ι
258 5065 291 5120 ln
306 5063 499 5122 neminemne
515 5063 648 5121 infirmos
663 5069 773 5134 curate,
789 5065 919 5138 leprosos
973 5057 1801 5135 ritussanctusinlclligitur,quodMattheusevangelisla

109 5152 245 5222 mundate,
261 5169 354 5209 cacos
368 5151 543 5220 illuminate,
555 5153 813 5227 damonesejicite.
824 5155 920 5212 Grati
974 5152 1160 5210 monilestius
1184 5149 1323 5217 declarat,
1348 5165 1415 5206 cum
1438 5149 1524 5207 dixit:
1542 5149 1603 5207 «Si
1627 5156 1725 5208 autom
1746 5153 1799 5224 eg'o

110 5241 367 5317 neoptolemus
382 5242 458 5298 date.
485 5241 596 5315 (lloltle.
612 5244 670 5314 xx).
686 5267 701 5295 a
726 5245 766 5300 Ae
781 5244 805 5299 si
830 5243 919 5300 dixis·
975 5244 1003 5299 in
1020 5242 1130 5316 SpirItu
1145 5239 1230 5313 ejicio
1246 5239 1395 5296 daemones
1409 5239 1512 5311 (llatth.
1529 5243 1590 5310 κη).
1608 5263 1622 5290 a
1639 5238 1800 5313 Dlpulchie

111 5329 162 5382 sel:
177 5329 205 5386 st
220 5329 355 5405 discipuli
371 5331 440 5400 mei,
456 5331 509 5386 filii
526 5331 629 5404 utique
641 5331 741 5402 vestri,
756 5333 785 5388 in
802 5333 920 5391 nomine
974 5349 1025 5405 per
1041 5330 1165 5404 digitum
1181 5329 1230 5385 Dei
1242 5327 1498 5400 Spiritussanctus
1510 5329 1800 5404 liguratur,quiasit-

112 5426 166 5470 meo
179 5416 318 5477 demonia
330 5419 461 5494 ejiciunt,
479 5436 569 5493 quare
583 5437 634 5477 vos
648 5420 725 5478 idem
742 5437 816 5494 opus
832 5423 862 5479 in
873 5440 919 5480 mc
975 5425 1007 5476 ut
1022 5419 1122 5493 digitis
1137 5417 1247 5490 aliquid
1264 5433 1420 5492 operamur
1434 5419 1478 5476 vel
1495 5419 1680 5494 stringhnus,
1691 5417 1733 5474 sic
1745 5414 1799 5472 ra-

111 5501 221 5580 principi
235 5509 444 5567 demoniorum
457 5509 616 5568 Beelzebub
631 5513 660 5568 et
675 5527 733 5567 non
750 5516 806 5570 lleo
821 5513 920 5588 signa·
975 5515 1019 5566 ter
1029 5513 1059 5564 et
1076 5507 1164 5563 Filius
1173 5506 1372 5580 perspiritum
1380 5508 1622 5566 sanctnmomnia
1630 5507 1798 5580 operantur,

111 5586 161 5648 lit?
975 5595 1275 5658 diceutePsstmieta:
1297 5619 1311 5650 a
1328 5597 1422 5660 verto
1451 5595 1567 5657 Domini
1597 5593 1661 5652 coll
1689 5590 1798 5654 tlrmatt
