3872 6168
164 379 223 440 367
445 376 649 439 HAYMthlS
671 375 940 436 thrBlliiSTA'l'.
964 375 1086 436 EPISC.
1110 375 1197 436 OPP.
1221 377 1319 437 Petis
1344 378 1381 436 ll.
1399 413 1435 420 —
1453 377 1587 437 llsllillL.
1787 382 1835 444 368

163 513 319 580 orandum,
336 513 370 568 ut
385 527 443 568 uon
458 513 617 578 tentemur,
639 508 689 565 sed
705 525 742 564 ne
756 508 787 564 in
803 505 993 562 tentationem
1008 510 1036 574 Α
1050 506 1231 565 vulttradere
1239 509 1473 580 persecutoribus
1480 508 1743 582 sniarldimpletnm
1752 515 1838 571 cathon

162 603 340 660 inducamur
354 600 441 657 Aliud
454 604 499 658 est
512 599 592 656 euim
611 597 728 668 tentari,
746 601 774 653 et
790 595 870 653 alind
884 597 914 653 in
930 601 993 654 ten·
1049 597 1111 654 loco
1126 599 1205 671 quod
1220 615 1272 672 per
1286 597 1473 656 psalmistam
1485 598 1627 656 nicilum«
1639 599 1687 666 Qui
1699 601 1789 658 edebat
1801 622 1838 676 pa-

163 686 993 761 tationeminduci.Tentaturquilibet,quandovelanimo
1048 705 1115 744 nem
1131 705 1241 758 meum,
1258 688 1409 762 ampliavit
1423 689 1576 746 adversum
1600 705 1644 745 me
1658 688 1839 763 supplantatio·

163 779 206 838 vel
221 795 340 853 corpore
355 779 386 835 in
401 777 590 835 delectatione
606 777 732 848 alicujus
753 775 814 832 vitii
837 775 992 834 titilletur:
1048 793 1115 832 nem
1128 779 1215 846 (Psoi.
1231 777 1287 850 xa).
1305 801 1318 830 a

164 869 314 927 inducitur
326 885 392 925 vero
409 868 438 923 in
460 867 663 936 tentationem,
688 865 713 922 si
730 882 788 922 aare
808 864 992 922 delectationi
1085 889 1099 916 ι(
1115 865 1224 934 Amice,
1236 867 1273 922 ed
1285 868 1364 939 quod
1374 865 1478 924 venisti
1489 868 1503 924 ‘i
1513 890 1526 917 υ
1539 867 1654 924 Duobus
1667 868 1839 926 erodisestin-

164 957 284 1033 emporii
296 957 471 1016 consentire.
482 957 570 1014 Verbi
582 956 688 1030 gratia,
698 959 829 1012 tentatus
838 959 882 1012 est
895 959 992 1012 autem
1049 952 1239 1028 telligeudum
1249 955 1841 1031 etdistinguendnmest.Seditadistinguen·

165 1046 286 1122 quiuam
303 1051 423 1120 martyr,
440 1062 506 1102 cum
523 1049 676 1120 cogeretur
690 1045 849 1101 Dominum
874 1060 991 1117 negare,
1050 1042 1120 1099 dum
1137 1047 1192 1112 est,
1205 1049 1237 1102 ut
1251 1045 1431 1102 dicamus:«
1444 1045 1555 1116 Amice,
1570 1047 1604 1101 ad
1624 1047 1698 1118 qnod
1711 1047 1839 1103 renistit»

166 1138 218 1194 sed
232 1155 289 1194 non
301 1137 438 1194 inductus
449 1135 532 1194 estin
545 1136 748 1192 tentationem.
761 1135 791 1191 Si
803 1134 881 1190 enim
894 1150 997 1206 negas·
1050 1136 1082 1188 nt
1097 1132 1305 1207 interrogantis
1321 1137 1407 1192 modo
1417 1133 1541 1209 legatur,
1550 1153 1604 1192 crox
1613 1135 1720 1191 Domini
1731 1141 1768 1192 ost
1779 1138 1843 1193 mise·

166 1229 212 1284 sat
225 1227 394 1295 Dominum,
407 1225 508 1298 utique
523 1225 553 1281 in
568 1225 759 1282 tentationem
775 1224 971 1280 induceretur.
981 1245 994 1272 a
1050 1240 1116 1278 rum
1132 1222 1322 1296 increpantis,
1341 1229 1371 1281 et
1385 1225 1509 1281 dolentis
1525 1225 1632 1297 quoda
1652 1241 1758 1280 summo
1771 1227 1842 1298 gradu

167 1315 227 1374 Hoc
241 1333 309 1389 ergo
321 1316 458 1388 precepit
470 1313 624 1384 Dominus,
640 1316 673 1369 ut
685 1317 778 1381 orent,
793 1329 829 1368 ne
841 1311 950 1368 intrent
965 1310 995 1366 in
1051 1312 1231 1384 apostolatus
1243 1315 1279 1369 ad
1293 1315 1473 1387 apostasiam
1484 1313 1635 1370 deuolutus
1647 1317 1746 1382 erat,nt
1758 1314 1844 1371 sitsen·

167 1405 369 1472 tantationem,
381 1405 409 1459 id
427 1407 481 1473 est,
494 1421 531 1460 ne
542 1406 620 1460 metu
631 1406 851 1476 persecutorum
860 1401 997 1456 recedant
1052 1407 1124 1458 eus?
1139 1425 1153 1452 «
1168 1404 1277 1471 Amico,
1292 1404 1327 1458 ad
1337 1405 1413 1475 quod
1423 1403 1547 1460 venisti?
1559 1427 1572 1452 »ι
1583 1404 1610 1459 id
1622 1407 1673 1472 ost,
1684 1404 1717 1459 ad
1728 1409 1843 1476 quantun

168 1513 186 1551 a
199 1495 256 1552 ilde
267 1493 384 1565 Christi,
402 1497 436 1549 nt
452 1497 595 1566 cogantur
610 1491 693 1548 illum
710 1507 826 1564 negare.
845 1514 858 1540 a
870 1489 996 1564 Spiritus
1052 1491 1163 1547 malum
1173 1493 1303 1564 dejectus
1315 1510 1357 1562 es,
1370 1498 1403 1549 ut
1413 1495 1448 1549 dc
1459 1493 1592 1566 apostolo
1600 1494 1682 1549 lieres
1693 1495 1814 1566 apostata,
1824 1498 1844 1548 et

167 1607 182 1636 a
199 1585 318 1656 quidem
334 1587 490 1657 promptus
510 1584 566 1651 est,
583 1604 597 1631 a
613 1583 649 1637 ad
666 1580 833 1653 passionem
856 1579 997 1634 sufferon-
1052 1581 1087 1636 dc
1099 1581 1217 1638 doctore
1225 1581 1365 1651 veritatis,
1383 1584 1467 1639 fieres
1479 1582 1620 1656 magister
1630 1581 1749 1638 erroris?
1761 1583 1785 1636 si
1795 1599 1844 1638 vcro

168 1673 246 1743 dam,
262 1696 276 1725 α
288 1689 355 1729 caro
380 1677 477 1728 autem
495 1671 622 1727 infirma.
636 1693 650 1720 a
666 1669 791 1744 llxponit
806 1684 895 1742 quare
909 1683 998 1740 supe·
1051 1666 1168 1741 plenam
1191 1669 1409 1727 distinctionem
1431 1671 1471 1726 ibi
1496 1671 1662 1741 fecerimus,
1678 1675 1709 1726 ut
1721 1671 1845 1726 dicamus:

168 1763 230 1820 rius
247 1761 360 1831 dixerit,
378 1783 392 1812 «
408 1759 502 1816 tristis
517 1763 562 1816 est
574 1759 673 1815 anima
687 1775 752 1815 mea
762 1774 856 1830 usque
871 1758 906 1813 ad
917 1773 997 1812 mor·
1054 1780 1068 1809 α
1082 1758 1191 1828 Amice,
1208 1760 1242 1815 ad
1259 1762 1336 1832 quod
1352 1759 1469 1830 venisti,
1479 1783 1493 1810 u
1503 1760 1744 1828 utsuhaudiatur,
1755 1759 1846 1832 perfice,
1921 1797 1922 1816 i

168 1856 239 1919 tem,
252 1873 266 1900 a
282 1849 360 1923 quod
372 1847 483 1904 scilicet
497 1848 619 1921 spiritus
630 1847 709 1904 illins
719 1852 874 1921 promptus
884 1848 946 1901 erat
961 1845 997 1900 ad
1053 1863 1086 1904 ac
1101 1848 1127 1903 si
1142 1849 1264 1905 diceret:
1291 1847 1431 1922 Relinque
1452 1850 1588 1907 osculum
1617 1849 1705 1924 pacis,
1733 1853 1758 1904 et
1779 1847 1848 1921 imple

99 1945 107 1962 ⁸
169 1939 337 2014 passionem
354 1937 561 2006 sufferendam,
578 1961 592 1988 a
610 1955 676 1994 caro
691 1941 790 1994 autem
804 1937 921 1994 infirma
932 1958 946 1984 a
961 1934 997 1990 ad
1013 1894 1037 1960 B
1052 1936 1200 1994 traditoris
1215 1937 1357 1994 officium.

169 2027 316 2103 supplicia
329 2027 491 2085 toleranda.
1088 2049 1102 2076 α
1119 2027 1154 2082 lli
1169 2043 1234 2083 ecee
1250 2044 1327 2084 unns
1338 2045 1373 2084 ex
1386 2027 1431 2084 his
1445 2028 1593 2100 quierant
1605 2045 1670 2084 cum
1685 2028 1757 2094 lesu,
1772 2029 1848 2082 exta·
1921 2059 1922 2074 2

206 2119 342 2174 «lterum
359 2118 487 2174 secundo
507 2116 589 2186 abiit,
601 2119 629 2173 et
641 2115 743 2183 oravit,
759 2116 873 2172 dicens:
890 2115 928 2169 lli
944 2115 997 2169 Pa·
1052 2139 1066 2165 α
1083 2115 1298 2185 densmannm,
1310 2116 1556 2190 exemitgladium
1569 2115 1849 2189 sunm‚etpercutiens
1921 2145 1922 2154 κ

172 2231 186 2261 e
197 2211 250 2276 ter,
267 2205 291 2263 si
317 2223 385 2263 non·
396 2209 492 2279 potest
514 2207 561 2262 hic
584 2204 659 2262 calix
673 2206 808 2273 transire,
825 2204 882 2261 nisi
898 2203 995 2259 biham
1053 2226 1067 2256 a
1083 2222 1198 2261 servum
1215 2206 1357 2279 principis
1371 2209 1571 2276 secerdotum,
1589 2206 1744 2280 amputavit
1756 2205 1849 2262 naricu-
1921 2237 1922 2268 ff

171 2321 185 2349 a
199 2295 294 2366 illum,
311 2297 364 2354 fiat
377 2296 512 2352 voluntas
523 2299 584 2353 tua.
600 2319 610 2346 a
628 2295 658 2350 ld
674 2299 728 2364 cst,
740 2294 832 2350 sinon
843 2297 940 2366 potest
952 2307 998 2365 ge·
1052 2317 1065 2344 κ
1082 2294 1229 2368 tamajus.
1249 2319 1262 2348 »
1283 2297 1342 2353 Hoc
1358 2301 1460 2353 Petrus
1482 2297 1636 2370 apostolus
1660 2295 1756 2354 iecisse
1768 2294 1851 2367 legitur

171 2403 228 2444 nus
242 2385 408 2443 humanum
420 2385 483 2442 sine
492 2385 629 2462 passione
641 2399 707 2441 mea
717 2383 833 2450 salvari,
844 2380 888 2437 vel
902 2381 927 2437 si
939 2397 997 2436 non
1052 2385 1215 2440 secundum
1229 2389 1373 2442 loannem
1382 2401 1415 2442 eo
1429 2387 1531 2442 ardore
1542 2386 1665 2454 mentis,
1677 2402 1731 2459 quo
1740 2387 1853 2440 eleatem
1921 2415 1922 2444 i

170 2474 517 2551 potcstuniversusorbis
534 2473 658 2530 salutem
670 2471 819 2544 consequi,
836 2471 893 2527 uisi
909 2487 999 2545 popu·
1052 2472 1185 2528 iaciebat.
1208 2474 1282 2529 Nam
1299 2491 1400 2532 servus
1415 2475 1557 2548 principis
1573 2476 1765 2540 sacerdotum,
1787 2475 1853 2545 cique

169 2567 217 2624 lus
227 2565 434 2623 Judaeorumin
445 2563 638 2638 perditionem
648 2561 925 2630 ruat,i1atvoluntas
935 2563 995 2615 tna.
1051 2560 1183 2618 auricula
1198 2568 1351 2636 amputata
1364 2569 1418 2630 est,
1432 2563 1564 2621 Mnlchus
1579 2566 1748 2633 vocabatur,
1764 2563 1806 2636 qui
1819 2563 1852 2616 in·
1921 2597 1922 2628 ,

170 2655 233 2712 Nou
249 2655 411 2712 secundum
426 2651 481 2710 hoc
501 2654 553 2709 liat
568 2653 646 2726 qnod
659 2669 693 2708 ex
709 2655 790 2725 parto
805 2648 998 2706 humanitatis
1052 2653 1230 2722 terpretatur
1245 2669 1303 2708 ree.
1320 2657 1352 2707 In
1370 2669 1427 2724 qno
1442 2670 1524 2709 servo
1540 2653 1618 2709 nihil
1634 2653 1709 2709 aliud
1725 2668 1802 2725 qnam
1814 2649 1853 2704 tn-

170 2744 284 2818 lcquor,
300 2744 352 2800 sed
372 2748 492 2818 propter
506 2743 583 2816 qnod
608 2742 643 2797 ad
661 2745 768 2798 terram
785 2745 835 2796 tua
848 2737 998 2796 voluntate
1052 2740 1181 2796 deorum
1196 2741 1323 2815 populus
1334 2742 1514 2814 designatur,
1526 2743 1617 2814 cnjus
1627 2744 1739 2798 dextera
1748 2739 1854 2796 auricula

171 2833 318 2892 descendi.
1052 2821 1854 2906 amputataest,quia,ablataspiritualiintelligentiasbh
1921 2893 1922 2896 Ἴ

206 2921 397 2978 «lttrclictis
424 2921 617 2978 illicitarum
648 2915 997 2986 abiit‚etornvittertio
1051 2917 1082 2974 in
1098 2919 1140 2976 eia
1155 2920 1276 2977 ariditas
1291 2921 1394 2978 littere
1410 2921 1561 2990 remansit,
1585 2925 1728 2995 tanquam
1746 2917 1853 2976 videlieet
1921 2981 1922 2984 Ἴ

171 3035 185 3065 a
202 3011 339 3069 eumdem
354 3027 521 3067 sermonem
536 3011 646 3068 dicens.
666 3033 679 3061 a
696 3008 793 3067 Crevit
807 3007 905 3075 tertio,
920 3011 953 3061 ut
966 3004 997 3059 in
1052 3007 1171 3066 sinistra
1179 3009 1319 3068 auricula.
1332 3011 1387 3067 Sed
1396 3011 1722 3068 Dominnsrestauravit
1732 3013 1799 3067 tacto
1809 3024 1855 3062 ma·
1921 3043 1922 3076 3

171 3119 220 3160 ore
235 3102 360 3158 duorum
375 3100 419 3158 vel
434 3100 589 3158 triumstet
599 3100 815 3157 omneverbum
826 3101 916 3170 (Dect.
927 3096 996 3163 xlx).
1052 3115 1109 3153 nus
1120 3099 1351 3155 suaeanriculam
1364 3101 1512 3156 dexteram
1523 3099 1617 3172 illiue,
1630 3100 1735 3174 quiain
1745 3097 1805 3164 illis,
1816 3095 1852 3167 qni
1921 3161 1922 3166 η

171 3190 269 3256 Oravlt
283 3193 381 3248 aulem
397 3208 455 3248 non
471 3207 523 3264 pro
539 3207 581 3257 se,
597 3191 647 3246 sed
663 3206 715 3263 pro
730 3187 825 3256 nonis,
842 3184 951 3241 scillcet
966 3185 999 3238 ut
1053 3187 1191 3243 credituri
1205 3193 1275 3245 sunt
1289 3189 1447 3246 circadiem
1455 3189 1570 3262 judieii,
1582 3188 1763 3262 spiritualem
1774 3183 1857 3242 intelli·
1921 3235 1922 3238 ,

172 3282 222 3338 illa
236 3281 327 3339 oratio
342 3285 420 3339 esset
435 3277 645 3353 discipulorum
662 3276 854 3334 confirmatio.
1013 3267 1035 3335 C
1054 3277 1182 3350 gentiam
1194 3278 1350 3352 reparabit.
1365 3279 1446 3336 Unde
1462 3279 1550 3348 idern,
1568 3296 1621 3336 rex
1633 3271 1857 3348 etservusprinci-

207 3395 222 3422 a
239 3372 321 3426 Tunc
336 3367 631 3442 venitaddiscipulca
645 3384 724 3424 suos.
736 3389 749 3416 a
765 3368 924 3436 Postquam
939 3378 1001 3416 orn·
1053 3366 1099 3439 pis
1110 3367 1577 3433 sacerdotnmdicitur.Quomodo
1588 3365 1857 3425 enimrexetserrus?

172 3459 213 3516 vit
227 3459 263 3514 ad
278 3459 404 3526 Patrem,
421 3461 450 3514 et
464 3457 632 3530 impetravit
647 3457 772 3513 salutem
788 3451 998 3525 discipulorum
1054 3455 1084 3512 Si
1100 3473 1161 3524 rex,
1175 3459 1321 3531 quomodo
1337 3461 1461 3514 servus?
1475 3458 1531 3514 Sed
1547 3475 1598 3514 rex
1611 3459 1640 3514 in
1655 3458 1722 3524 illis,
1733 3456 1778 3529 qni
1789 3451 1856 3509 iidem
1921 3491 1922 3524 3

173 3561 307 3618 suorum,
319 3547 399 3604 venit
414 3547 450 3602 ad
465 3562 515 3603 eos
529 3551 558 3601 et
573 3544 660 3601 dixit:
1054 3545 1160 3602 Christi
1177 3548 1323 3620 accepturi
1339 3550 1423 3606 sunt:
1442 3565 1542 3606 servus
1554 3548 1583 3604 in
1598 3547 1669 3618 illis,
1687 3546 1774 3621 quiin
1788 3539 1858 3600 seni·
1921 3581 1922 3614 3

209 3659 223 3688 a
240 3634 368 3692 Dormite
377 3637 441 3707 jam
455 3639 484 3691 et
498 3633 681 3708 requiescite.
695 3635 767 3691 acce
782 3630 999 3706 appropinque-
1053 3639 1115 3691 tute
1129 3637 1240 3709 peccati
1253 3637 1418 3694 remansuri
1434 3641 1513 3693 sunt.

171 3747 186 3778 «
202 3725 244 3782 vit
257 3724 341 3790 hora,
352 3727 380 3780 et
390 3723 480 3780 Filius
495 3721 623 3780 hominis
633 3724 765 3780 tradetur
777 3723 806 3778 in
818 3736 998 3792 manuspec·
1089 3749 1103 3774 a
1118 3727 1199 3781 Tunc
1214 3727 1254 3782 ait
1269 3725 1310 3782 illi
1326 3727 1412 3783 lesus
1427 3744 1433 3782 :
1451 3727 1589 3784 Converte
1604 3727 1733 3802 gladium
1750 3729 1824 3781 tuom
1835 3720 1859 3775 in
1921 3779 1922 3788 χ

171 3837 185 3866 a
199 3817 342 3872 catorum.
353 3814 479 3888 Surgite,
488 3815 680 3870 camuelicce
690 3810 936 3886 appropinquabit
949 3810 997 3882 qui
1053 3837 1067 3864 e
1084 3813 1180 3872 locum
1192 3833 1290 3873 sunm.
1302 3817 1409 3872 Omnes
1421 3816 1499 3872 enim
1510 3817 1561 3889 qui
1573 3817 1740 3891 acceperint
1749 3811 1858 3888 gladium

171 3926 185 3955 a
201 3905 366 3960 metredet.
382 3925 396 3955 a
420 3902 708 3977 Intelllgimusquia,
730 3919 796 3959 cum
820 3899 941 3957 dixisset
966 3902 999 3954 ut
1053 3928 1066 3954 a
1084 3904 1179 3978 gladio
1195 3906 1473 3979 peribuntnluxta
1491 3905 1622 3964 litteram
1643 3925 1701 3964 non
1717 3915 1860 3962 omnesne·
1921 3925 1922 3950 r

169 3991 332 4049 dormirent
347 3989 483 4065 discipuli
499 3997 527 4050 et
537 3993 762 4064 requiescerent,
780 3990 997 4065 aliquantulum
1052 3994 1193 4066 cipientcs
1210 3995 1351 4069 gladium,
1373 3995 1469 4069 gladio
1496 3999 1632 4068 pereunt.
1659 3997 1731 4053 Nam
1745 3999 1772 4052 et
1791 3987 1860 4046 multi

168 4081 306 4150 tacuisse,
320 4085 354 4139 ut
368 4080 540 4156 impleretur
555 4083 631 4154 quod
648 4082 729 4152 dixit,
746 4083 774 4138 et
790 4081 857 4138 inde
873 4079 995 4137 diceret:
1052 4083 1380 4153 homicidiisinsistnnt,
1391 4089 1527 4142 ettamen
1539 4085 1638 4158 gladio
1649 4083 1859 4142 nonceduntnr.

167 4195 182 4224 a
198 4171 326 4246 Surgite,
344 4188 456 4230 eamus.
472 4195 485 4223 a
1052 4173 1107 4230 Sed
1121 4173 1210 4230 altius
1221 4175 1349 4230 ostendit
1360 4191 1424 4231 csse
1434 4170 1859 4248 intelligendum,aosidiceret:

203 4283 220 4316 a
230 4262 335 4319 Adhuc
350 4263 414 4336 ipso
429 4260 577 4335 loquente,
594 4279 659 4319 ecoe
673 4263 767 4320 ludas
782 4279 860 4318 nnus
873 4261 908 4316 de
924 4259 996 4314 duo·
1050 4265 1092 4321 lta
1100 4264 1273 4333 temeritate,
1286 4281 1345 4337 qua
1355 4263 1446 4320 aliurn
1456 4265 1545 4336 punis
1557 4264 1602 4320 vel
1615 4265 1744 4338 judicas,
1760 4271 1859 4317 necesse

167 4375 182 4408 a
198 4352 327 4410 decim.»
338 4352 420 4409 Unus
432 4369 490 4409 non
502 4352 615 4422 merito,
626 4352 675 4410 sed
685 4351 903 4418 numero,sicut
912 4365 997 4421 supe
1050 4358 1105 4421 ast,
1122 4352 1270 4411 utendam
1284 4353 1474 4410 temeritates
1491 4353 1615 4411 Domino
1631 4353 1774 4428 puniaris.

167 4441 229 4499 rius
244 4442 387 4499 Dominus
402 4441 489 4498 dixit:
507 4441 631 4498 «Nonne
641 4457 692 4498 vos
702 4440 855 4499 duodecim
869 4438 953 4512 elegi,
967 4441 997 4494 et
1088 4444 1858 4517 «nepetaequenonpossumregeneratremmeun

167 4548 245 4588 uuus
260 4547 295 4586 ex
308 4531 391 4588 vobis
407 4531 542 4588 diabolus
558 4531 627 4588 est?
640 4553 655 4582 »
671 4531 759 4603 (loon.
775 4529 825 4602 vr.)
1052 4555 1065 4584 a
1081 4531 1344 4589 etexhibebitmihi
1354 4532 1680 4606 plusquamduodccim
1693 4531 1813 4606 legiones
1822 4541 1861 4580 an·

203 4641 218 4672 «
234 4619 604 4688 Qniauicmtradiditeum,
614 4617 994 4692 dediteissignnm,dicens:
1011 4645 1035 4712 D
1051 4645 1065 4673 a
1081 4620 1214 4695 gelorum
1224 4621 1458 4679 l»Acsidiceret
1472 4640 1478 4678 :
1490 4623 1552 4679 Non
1564 4619 1795 4696 indigeoauxilio
1805 4616 1861 4670 du(r

168 4731 182 4760 a
196 4710 405 4782 Quemcunque
413 4709 785 4781 osculatusluero,ipeeest,
794 4711 970 4763 teneteeum.
981 4728 994 4756 a
1050 4710 1861 4784 decimapostolorum,qucniamsivclueroPatrcmmeum

166 4797 912 4870 InlclixJudnsaestimanaDominumsignamagicis
923 4795 994 4852 arti·
1049 4817 1161 4873 rogare,
1178 4817 1299 4873 possum
1310 4802 1346 4858 ab
1361 4817 1394 4857 eo
1407 4802 1563 4873 impetrare
1578 4801 1734 4858 duodecim
1750 4797 1860 4870 legiones

165 4886 222 4942 bus
238 4887 594 4957 patrasso,rceolcnseum
608 4885 949 4957 transfiguratumlnissc
963 4885 993 4940 in
1048 4889 1230 4962 arigelorum.
1255 4889 1342 4961 Legio
1364 4889 1442 4944 enim
1456 4889 1534 4961 apud
1549 4892 1661 4945 veteres
1678 4905 1729 4945 sex
1744 4881 1858 4942 millibus

166 4978 371 5044 monteronem
383 4978 478 5034 tribus
490 4977 653 5050 discipulis,
666 4976 814 5032 aestimans
826 4975 913 5031 otiam
925 4991 991 5031 cum
1047 4979 1210 5036 constabat.
1227 4977 1385 5034 Duodecim
1401 4981 1499 5034 autem
1523 4979 1666 5051 legiones,
1692 4971 1861 5049 septuaginta
1921 5005 1922 5020 i

166 5060 855 5135 inborapassicnissuacsimilitudinemiualiam
866 5069 990 5132 mutare,
1047 5068 1105 5124 duo
1122 5066 1214 5123 millia
1228 5066 1371 5123 efficiunt.
1388 5068 1443 5122 Tot
1458 5071 1556 5123 antem
1570 5070 1674 5140 gentes
1689 5067 1819 5140 leguntur
1832 5053 1879 5146 ad·

165 5150 230 5207 ideo
246 5151 296 5206 dat
310 5152 428 5225 signum
443 5157 678 5227 persecutoribus
693 5156 766 5223 suis,
781 5160 815 5212 ut
831 5170 991 5228 quemcun·
1045 5157 1150 5213 turrim
1161 5157 1248 5212 Bnbel
1260 5157 1290 5212 in
1302 5154 1501 5213 diversitatem
1511 5157 1681 5230 linguarum
1694 5154 1788 5212 divisa
1798 5162 1859 5205 esse.

165 5255 222 5313 que
232 5239 422 5310 oscularetur,
432 5243 529 5315 ipsum
538 5246 829 5318 comprehenderent,
841 5244 989 5301 estimans
1044 5249 1079 5303 nt
1091 5250 1135 5303 est
1143 5263 1263 5304 sensus:
1276 5246 1339 5303 Non
1350 5261 1420 5319 egeo
1431 5245 1539 5302 auxilio
1550 5251 1579 5303 et
1589 5246 1759 5304 defensione
1767 5235 1861 5298 duode-

163 5329 323 5386 Dominnm
347 5335 547 5402 persecutores
572 5351 640 5392 suos
667 5336 793 5402 eludere,
813 5340 841 5391 et
856 5336 886 5390 in
901 5333 989 5391 aliam
1045 5335 1318 5410 cimapostolorum,
1330 5335 1763 5408 quoniamsitctusmundnsin
1775 5340 1859 5386 necem

163 5419 289 5476 formam
304 5435 335 5476 ae
349 5420 568 5493 transfigurare.
1044 5443 1139 5482 meam
1156 5426 1378 5499 conspiraverit,
1389 5443 1511 5498 possum
1523 5441 1624 5500 rogare
1634 5425 1752 5481 Patrem
1763 5429 1859 5480 menna

198 5507 431 5566 «iliconleetim
455 5511 595 5568 accedens
621 5513 784 5581 adiesnm,
809 5513 987 5581 dixitzrtve,
1042 5519 1070 5571 et
1085 5515 1231 5571 exhibebit
1256 5514 1329 5571 mihi
1360 5519 1461 5572 contra
1490 5530 1733 5588 unamquamque
1756 5510 1858 5584 gentem

163 5620 177 5650 a
194 5596 287 5656 rabbi.
303 5597 338 5668 lit
352 5597 503 5657 osculatus
517 5603 562 5657 est
576 5616 654 5657 eum.
672 5624 686 5652 a
702 5603 825 5658 Summa
841 5602 988 5659 dementia
1043 5605 1123 5660 mille
1139 5604 1269 5678 angelos.

161 5685 392 5774 intelicistudael
406 5689 621 5752 Nomenculum
633 5690 714 5766 pacis
724 5691 847 5766 porrigit
862 5693 886 5750 oi
898 5709 985 5770 quem
1076 5719 1090 5748 a
1107 5695 1259 5770 Tanquam
1275 5696 1311 5754 ad
1326 5695 1472 5758 latronem
1486 5693 1586 5756 existis
1607 5707 1681 5752 oum
1713 5687 1814 5766 gladiis
1837 5683 1861 5740 cl
