4018 6178
184 271 219 339 st
463 271 668 340 anamotus
690 273 965 340 HALBDDSTAT.
988 276 1111 343 celso.
1132 279 1220 345 OPP.
1242 281 1343 347 PARS
1365 283 1605 352 11.-s0l11c.
1850 287 1890 354 92

182 407 293 466 exstitit
307 406 350 466 vir
361 407 483 483 quidam
493 408 528 464 de
543 409 654 466 semine
669 409 746 476 Sem,
763 408 815 466 filii
829 410 899 477 Noe,
916 412 1008 469 nomi·
1020 414 1049 480 A
1063 413 1117 470 ciis
1140 415 1315 488 purificabat
1338 417 1447 491 (liobae.
1463 422 1504 490 n).
1526 419 1582 477 Alii
1599 435 1663 478 vero
1679 419 1741 500 sola
1755 426 1892 481 tantum·

182 517 218 556 nc
234 499 338 565 Heben,
354 499 389 554 de
414 499 498 571 cujus
520 497 606 554 domo
622 501 650 554 et
674 497 785 556 semilis
803 516 939 573 egressus
964 505 1009 558 est
1062 504 1891 582 modotidesalvabantur,sicutsc1iptumestinllabacuo:

181 589 287 654 There,
312 588 363 660 qui
381 588 482 662 genuit
497 586 590 644 illium
606 589 724 646 nomine
738 589 856 658 Abram,
874 585 920 646 oui
936 590 1008 648 dixit
1062 615 1077 642 «
1088 593 1191 652 iustus
1201 599 1344 652 autemex
1354 597 1497 666 fidevivit,
1510 597 1572 656 sine
1584 599 1835 674 quaimpossibile
1845 610 1894 662 est

181 678 259 734 Deus
272 694 278 732 z
295 699 308 728 ιι
324 678 466 751 ligredere
480 678 516 733 de
528 686 604 734 terra
615 683 665 734 tua
677 678 751 734 etde
762 679 933 752 cognatione
945 685 1005 750 tua,
1061 680 1175 755 placere
1190 684 1247 741 Dec
1268 685 1377 760 (llatae.
1393 704 1429 758 1¹3
1451 688 1534 745 Deir.
1552 689 1603 760 xi.)
1621 711 1635 739 ι
1650 689 1709 746 Nec
1724 697 1892 764 putandum

180 771 208 823 et
220 768 256 823 de
271 767 358 823 domo
370 767 641 840 patristui‚etveni
653 768 682 823 in
695 770 802 823 terram
818 785 907 842 quam
921 787 1006 826 mon·
1061 771 1892 846 estquodaliquanecessitateDominuscircumcisionem
1994 781 1995 784 ’

180 858 308 912 stravero
319 855 373 912 tibi
383 857 459 926 (Gerr.
476 857 513 929 v).
528 879 541 905 ι
555 857 608 925 Qui
624 873 690 912 cum
702 857 840 913 obediens
850 859 1004 928 essctDec,
1061 861 1231 934 susceperit,
1244 863 1294 936 qui
1307 862 1526 921 immaculatam
1535 883 1653 923 carnem
1663 867 1817 943 exvirgine
1826 872 1892 928 sine

180 946 279 1002 eniens
294 949 323 1002 et
339 945 472 1002 nesciens
495 963 552 1018 quc
576 949 718 1018 pergeret,
738 949 766 1001 et
781 951 947 1018 reputatum
964 946 1006 1012 illi
1060 955 1178 1023 peccato
1194 953 1365 1026 assumpsit,
1387 955 1436 1010 sed
1457 955 1521 1011 ideo
1541 954 1711 1012 circumcidi
1728 957 1830 1028 voluit,
1857 965 1891 1016 ut

182 1039 260 1092 esset
271 1035 473 1107 adjustitiam,
485 1035 669 1106 venissetque
679 1034 710 1089 in
725 1039 832 1091 terram
846 1035 1005 1105 Chaunum,
1061 1040 1148 1096 etiam
1164 1057 1217 1098 suo
1233 1046 1363 1116 tempore
1378 1042 1631 1101 circumcisionem
1647 1050 1780 1104 sanctam
1796 1049 1891 1106 fuisse

178 1123 318 1180 etmerito
330 1129 416 1196 atque
425 1124 581 1180 sanctitate
589 1128 740 1191 cresceret,
751 1125 917 1197 promisitci
929 1126 1005 1182 Deus
1060 1134 1089 1184 et
1098 1130 1204 1186 bonam
1216 1133 1391 1188 ostenderet.
1404 1133 1436 1188 Et
1447 1137 1479 1188 ιιι
1490 1150 1607 1190 omnem
1621 1135 1804 1194 occasionem
1816 1137 1846 1193 in
1858 1156 1890 1196 se

177 1216 310 1271 eamdem
336 1219 443 1270 terram
459 1215 488 1269 in
505 1213 704 1269 haereditatem
726 1231 790 1270 esso
813 1215 961 1283 daturum,
977 1220 1006 1272 et
1060 1220 1424 1277 nonoredcntibusludaeis
1433 1222 1568 1292 auferret,
1578 1222 1672 1280 noluit
1682 1226 1816 1298 patribus
1824 1245 1891 1286 esse

177 1304 281 1360 semini
297 1305 361 1375 ejus
384 1308 452 1376 post
477 1303 585 1376 ipsum,
603 1319 669 1359 cum
697 1320 754 1359 non
775 1302 897 1360 haberet
910 1304 1004 1362 filium
1059 1307 1233 1378 diissimilis,
1246 1308 1295 1382 qui
1306 1309 1721 1385 nonvcncratlegemsolvere,
1732 1315 1784 1372 sed
1795 1317 1891 1373 adim-

176 1393 251 1463 (Gcn.
264 1401 323 1460 ιιι).
336 1393 579 1465 Cunrqucmerito
589 1397 619 1449 et
630 1392 783 1450 sanctitate
794 1393 889 1467 magis
900 1409 932 1449 ac
942 1411 1003 1450 ma·
1058 1395 1138 1470 plere
1157 1397 1264 1470 (ccccm.
1280 1402 1319 1468 v).
1336 1399 1400 1456 Sive
1416 1405 1494 1458 certe
1508 1400 1761 1459 circumcisionem
1784 1421 1889 1480 corpo·

175 1481 219 1555 gis
231 1481 393 1556 proficeret,
404 1481 572 1554 praecepitei
581 1482 701 1538 Deusut
711 1481 933 1538 circumcideret
941 1500 1003 1539 car·
1058 1485 1158 1542 naliter
1166 1487 1304 1560 suscepit,
1312 1492 1345 1543 ut
1353 1487 1453 1562 inipso
1460 1489 1888 1565 carnalisoircumcisiofinem,

175 1588 240 1630 nem
252 1571 453 1644 praeputiisui,
463 1571 577 1627 dicens:
589 1569 1007 1630 «Circumcideturomnoma·
1058 1578 1087 1631 et
1101 1574 1264 1648 spiritualis
1280 1575 1399 1634 haberet
1413 1576 1574 1634 exordium.
1592 1603 1605 1628 ιι
1617 1577 1695 1636 Finis
1705 1581 1785 1637 enim
1800 1581 1888 1657 legis,

174 1659 457 1728 sculinuminvcbis,
471 1660 549 1716 utsit
558 1664 677 1732 pactum
689 1659 1004 1718 foederismeiintcrmc
1058 1669 1090 1719 ut
1104 1663 1145 1720 ait
1158 1663 1325 1736 Apostolus,
1351 1663 1499 1736 Christus;
1516 1668 1552 1723 od
1569 1667 1717 1740 justitiam
1741 1671 1823 1727 omni
1838 1689 1887 1730 cre

144 1753 148 1759 '
172 1756 201 1808 et
213 1767 262 1807 vos
275 1749 350 1821 (Gen.
362 1749 439 1822 ιιιίι).
451 1771 464 1798 c
476 1750 508 1804 st
519 1748 711 1806 circumcisus
721 1753 766 1806 est
776 1750 924 1806 Abrabam
936 1767 1002 1807 cen·
1018 1787 1043 1854 B
1058 1752 1137 1810 denti
1153 1754 1239 1824 (Rom.
1255 1757 1295 1822 ιι).
1313 1777 1327 1805 »
1344 1753 1377 1809 lit
1392 1754 1465 1810 bene
1489 1759 1589 1812 octavo
1605 1755 1650 1812 die
1665 1755 1888 1816 circumciditur

170 1840 277 1896 tesimc
289 1839 383 1896 atatis
393 1855 453 1896 sure
469 1855 558 1908 anno,
574 1843 656 1896 Isaac
668 1844 765 1895 autem
783 1839 861 1896 filius
876 1841 940 1912 ejus
956 1857 1004 1896 oc·
1057 1843 1154 1912 lesus,
1164 1841 1234 1915 quia
1243 1841 1317 1916 legis
1332 1847 1510 1917 praecepium
1522 1849 1595 1912 crat,
1612 1845 1734 1903 Domino
1749 1847 1885 1908 dicente:

171 1933 237 1986 tava
253 1929 309 1985 dic.
326 1930 414 1986 Porro
430 1927 535 1984 ismael
552 1928 695 1985 tredecim
711 1945 804 1986 annos
819 1928 999 2002 impleverat.
1057 1954 1071 1982 ιι
1090 1931 1188 1987 lnlans
1199 1936 1263 1988 octo
1274 1931 1389 1988 dierum
1400 1931 1627 1990 circumcidetur
1638 1938 1711 2004 (lac.
1722 1941 1782 2005 ιιιι).
1795 1961 1809 1988 »
1825 1939 1883 1996 Sed

172 2019 251 2075 llaec
264 2023 393 2091 temporo
402 2017 475 2073 ritus
486 2021 516 2074 et
525 2015 627 2091 religio
638 2017 882 2088 circumcisionis,
892 2037 909 2075 a
918 2019 1001 2077 beato
1056 2019 1190 2094 quamvis
1205 2020 1259 2076 boc
1274 2020 1440 2093 frequenter
1454 2021 1484 2077 in
1498 2020 1561 2096 lege
1575 2027 1753 2098 preceptum
1764 2025 1810 2096 sit,
1822 2044 1883 2088 nou

171 2107 337 2180 patriarcha
352 2107 499 2164 Abraham
512 2107 641 2180 sumpsit
651 2108 813 2165 exordium.
828 2109 857 2166 Si
870 2109 937 2182 quis
952 2127 1001 2165 cu·
1054 2109 1139 2168 facile
1149 2111 1184 2167 de
1194 2109 1293 2184 aliquo
1305 2109 1334 2166 in
1345 2113 1406 2166 tcta
1416 2109 1490 2168 serie
1500 2110 1612 2169 Veteris
1623 2113 1802 2170 Testamenti
1813 2117 1886 2173 scri-

170 2203 229 2256 tem
245 2201 365 2270 queret,
374 2196 573 2269 quareeadem
582 2197 768 2254 circumcisio
778 2199 847 2254 data
857 2199 906 2266 sit,
918 2199 1002 2256 intel·
1054 2204 1138 2273 ptum
1153 2199 1308 2266 invenitur,
1325 2199 1437 2272 absque
1451 2198 1513 2256 solo
1524 2201 1665 2258 duntaxat
1676 2205 1758 2260 Isaac
1769 2204 1829 2262 lilio
1840 2223 1885 2263 re-

169 2287 243 2363 ligat
257 2287 352 2344 varias
366 2286 403 2343 ob
415 2303 520 2343 causas
534 2301 598 2343 esse
612 2287 722 2344 datam.
735 2287 866 2343 Primum
882 2294 1000 2362 propter
1053 2286 1268 2362 promissionis,
1277 2288 1355 2361 quod
1364 2305 1422 2345 non
1431 2289 1494 2345 sine
1504 2290 1644 2364 mysterio
1655 2290 1802 2350 credimus
1812 2311 1884 2368 pras-

170 2376 309 2434 mcritum
321 2375 524 2444 fideidbrabae‚
533 2379 564 2430 ut
573 2375 649 2431 sicut
660 2377 716 2432 fide
726 2375 854 2433 distabat
865 2377 998 2436 acaeteris
1051 2377 1233 2434 termissum.
1243 2376 1433 2434 circumcisio
1441 2375 1520 2434 enim
1531 2380 1622 2448 lsaac,
1631 2380 1748 2438 Domini
1756 2381 1882 2440 circum-

170 2465 349 2538 nationibus,
366 2465 409 2521 sic
424 2465 548 2521 distaret
558 2464 645 2521 etiam
659 2463 995 2538 signocircumcisionis.
1051 2466 1191 2523 cisionem
1207 2465 1400 2540 significabat.
1417 2465 1607 2524 circumcisio
1621 2485 1688 2526 vero
1701 2470 1814 2526 Domini
1830 2489 1882 2529 no-

169 2555 234 2614 Sive
246 2558 322 2611 certe
333 2555 451 2628 signum
462 2553 804 2611 circumcisionisdatum
815 2558 998 2630 estutpcpu·
1050 2559 1140 2612 stram
1152 2555 1300 2629 geminam
1309 2555 1564 2612 circumcisionem
1574 2556 1734 2632 significat,
1744 2560 1880 2618 moderni

168 2641 994 2719 lusquiexeademprogenienascituruseratpersignum
1050 2642 1880 2722 scilicettemporisetiuturi.Circumcidimurnamquein

168 2733 400 2792 circumcisionis
409 2730 565 2806 peculiaris
576 2749 609 2788 ac
622 2731 777 2790 familiaris
788 2737 846 2789 Deo
856 2749 994 2808 agnosce·
1048 2731 1194 2806 prasenti,
1208 2749 1273 2789 cum
1284 2731 1334 2806 qui
1343 2749 1395 2805 per
1405 2731 1585 2806 baptismum
1596 2738 1806 2806 apeccatorum
1818 2755 1882 2796 sor-

167 2829 256 2882 retur.
272 2823 337 2881 Sive
352 2822 437 2880 aliter
447 2821 565 2896 signum
578 2821 810 2879 circumcisionis
822 2823 922 2880 datum
939 2828 992 2894 est,
1048 2821 1135 2879 dibus
1145 2821 1345 2896 purificamur,
1353 2821 1534 2895 etquidquid
1544 2822 1580 2878 ad
1589 2825 1763 2881 vetustatem
1771 2827 1881 2884 vetoris

167 2917 200 2970 ut
213 2914 239 2970 si
255 2913 351 2986 quiex
366 2929 467 2968 eorum
483 2910 590 2985 populo
600 2910 631 2967 in
641 2909 740 2984 prelio
752 2912 942 2985 corruissent,
956 2915 992 2971 ob
1047 2911 1176 2969 hominis
1192 2910 1318 2985 pertinet
1332 2910 1680 2984 respuentes,induimus
1690 2929 1809 2983 novum,
1821 2916 1880 2972 im-

167 3003 284 3077 signum
295 2999 527 3058 circumcisionis
539 2999 658 3073 cogniti,
668 2999 737 3072 quia
747 3000 782 3056 de
792 2999 882 3074 stirpe
892 3005 993 3059 sancta
1047 3001 1159 3074 plantes
1174 3000 1334 3074 illudquod
1346 2998 1552 3073 citcpostolus
1562 3001 1660 3070 (dolos.
1678 3001 1735 3076 ml:
1750 3025 1761 3054 ι
1775 3003 1880 3062 llxuite

166 3091 385 3160 descenderant,
395 3089 551 3164 sepulture
558 3090 752 3146 traderentur.
764 3089 815 3146 Vel
827 3095 912 3160 certe,
923 3092 993 3164 quia
1046 3096 1171 3148 voterem
1187 3091 1336 3146 hominem
1351 3105 1417 3144 cum
1429 3087 1543 3145 actibus
1553 3089 1627 3160 suis,
1643 3092 1672 3146 et
1683 3089 1796 3148 induite
1806 3107 1878 3150 eum

165 3183 195 3238 in
209 3181 259 3239 tali
270 3179 592 3239 membrocircumcisic
608 3181 696 3252 jussa
712 3183 766 3250 est,
778 3196 830 3254 per
841 3182 918 3254 quod
932 3157 1028 3238 oar-C
1047 3178 1098 3252 qui
1112 3183 1269 3236 renovatur
1283 3178 1318 3234 de
1333 3177 1379 3232 die
1394 3176 1523 3233 indiam.
1537 3197 1552 3227 ιι
1568 3177 1601 3234 llt
1611 3177 1737 3236 iterum:
1754 3202 1770 3231 «
1783 3179 1878 3238 Reno-

165 3271 211 3329 nis
220 3271 300 3347 origo
309 3273 527 3345 propagaretur,
537 3268 835 3341 significabaturtunc
844 3268 892 3326 ille
902 3288 937 3326 ex
947 3289 993 3328 eo·
1045 3265 1153 3324 vamini
1169 3265 1275 3340 spiritu
1286 3264 1393 3322 mentis
1405 3268 1516 3337 vestre,
1532 3267 1560 3322 et
1573 3265 1686 3324 induite
1697 3284 1805 3325 novum
1822 3269 1877 3328 bo·

165 3363 230 3417 dem
241 3357 990 3430 seminccarnemdevirgineassumpturus‚quivir·
1046 3355 1156 3411 minem
1172 3353 1222 3426 qui
1234 3354 1397 3411 secundum
1412 3355 1629 3413 Deumcreatus
1643 3360 1697 3426 est,
1713 3355 1876 3430 iniustitia

122 3445 126 3454 '
165 3449 296 3523 ginitatis
312 3451 467 3514 amator,et
479 3446 615 3501 vitiorum
626 3445 758 3518 preputii
769 3451 848 3502 esset
857 3455 991 3520 amputa·
1045 3443 1380 3500 etsanotitatereritatis.
1389 3441 1876 3504 »Meliusautemcircumcidemur

166 3542 221 3603 tor,
235 3535 376 3592 Dominus
388 3533 593 3591 scilicetlnsus
601 3531 744 3589 Christus.
756 3533 813 3590 Nec
825 3537 989 3607 putandum
1044 3533 1074 3588 in
1091 3533 1198 3600 laturo,
1215 3533 1332 3606 quando
1344 3531 1506 3590 mortalitas
1521 3533 1617 3590 carnis
1632 3538 1750 3602 nostra,
1765 3533 1797 3593 in
1814 3553 1877 3610 qua

165 3628 341 3698 est‚parvam
352 3623 508 3680 utilitatem
517 3639 571 3678 suo
579 3626 711 3694 ternpore
719 3621 857 3680 babuisse
869 3623 991 3681 circum·
1045 3637 1124 3678 nunc
1138 3638 1302 3696 peccamus,
1320 3621 1349 3676 in
1365 3621 1587 3679 immortalitate
1602 3622 1688 3680 suerit
1703 3622 1875 3693 immutata,

164 3713 317 3780 cisionem,
335 3713 384 3769 sed
401 3711 554 3769 sciendum
579 3710 648 3784 quia
661 3715 776 3768 tantum
792 3710 906 3769 valebat
920 3717 990 3770 tunc
1045 3714 1074 3768 et
1098 3709 1152 3768 soli
1177 3711 1235 3767 Deo
1251 3709 1471 3780 inherebimus,
1486 3714 1520 3767 nt
1533 3711 1574 3768 ait
1592 3710 1766 3785 spostolus:
1783 3737 1799 3764 ιι
1816 3713 1876 3772 Nos

165 3801 349 3860 circumcisio
371 3804 474 3858 contra
498 3799 639 3875 originale
664 3802 827 3873 peccatum,
845 3805 989 3873 quantum
1044 3799 1095 3872 qui
1104 3799 1212 3856 residui
1224 3816 1338 3868 sumus,
1349 3799 1399 3872 qui
1409 3798 1616 3873 relinquimur,
1627 3798 1716 3858 simul
1725 3802 1878 3875 rapiemur

165 3908 243 3948 nunc
258 3889 333 3948 volet
343 3906 420 3963 aqua
433 3889 630 3963 baptismatis,
643 3893 761 3962 excepto
773 3889 849 3962 quod
861 3888 908 3946 ille
920 3907 990 3948 non·
1044 3887 1180 3946 cumillis
1195 3889 1225 3944 in
1241 3888 1370 3945 nubibus
1385 3887 1500 3945 obviam
1516 3888 1631 3946 Christo
1652 3889 1682 3945 in
1696 3907 1774 3958 aera,
1790 3895 1819 3948 et
1834 3892 1878 3950 sic

164 3981 236 4036 dum
250 3984 377 4046 venerat,
394 3978 444 4052 qui
458 3982 577 4051 peccata
591 3976 702 4034 solvere
709 3981 818 4050 posset,
832 3978 875 4033 vel
886 3979 935 4051 qui
945 3981 990 4052 jac·
1044 3993 1234 4049 sempcrcum
1244 3977 1369 4035 Domino
1378 3977 1522 4050 erimus(l
1532 3979 1620 4034 Tbccc.
1631 3979 1678 4052 ιιι).
1687 4001 1701 4030 n
1712 3979 1877 4052 litquando

165 4085 255 4126 uuam
271 4067 352 4142 regni
373 4066 499 4125 coelostis
515 4071 666 4124 reseraret.
687 4065 829 4133 Quoniam
846 4065 896 4139 qui
911 4085 989 4126 nunc
1040 4067 1179 4140 jamnon
1203 4066 1257 4123 erit
1285 4066 1438 4123 conflictus
1468 4083 1535 4122 cum
1558 4082 1646 4123 carne
1660 4070 1689 4124 et
1717 4069 1876 4143 sanguine,

164 4175 217 4234 per
231 4156 418 4232 Evangelium
432 4156 521 4213 dicit:
534 4176 549 4206 ιι
564 4155 626 4213 Nisi
642 4155 709 4229 quis
724 4157 843 4211 renatus
858 4155 945 4212 luerit
955 4175 989 4215 ex
1043 4155 1161 4228 quando
1185 4170 1291 4229 corpus
1315 4154 1393 4228 quod
1408 4154 1607 4228 corrumpitur
1621 4172 1679 4213 non
1701 4158 1875 4230 aggravabit

164 4265 242 4322 aqua
251 4252 280 4304 et
289 4247 399 4320 Spiritu
412 4249 523 4313 sancto,
533 4261 591 4302 non
600 4248 697 4318 potest
705 4245 813 4301 intrare
823 4243 853 4299 in
864 4261 988 4318 regnum
1044 4243 1184 4312 animam,
1193 4261 1246 4300 nec
1254 4247 1370 4300 terrena
1378 4241 1551 4301 inhabitatio
1562 4260 1683 4301 sensum
1695 4243 1876 4322 multacogi-

163 4338 213 4394 Dei
239 4337 332 4410 (tona.
349 4339 401 4407 ιιι),
419 4357 434 4384 »
459 4334 523 4408 ipse
538 4337 607 4390 tunc
632 4351 683 4406 per
705 4335 798 4410 legem
823 4338 987 4398 clamabat:
1043 4337 1154 4391 tantem
1168 4333 1325 4406 opprimet,
1348 4332 1398 4388 sed
1415 4333 1553 4405 absorpta
1568 4337 1662 4390 morte
1685 4333 1716 4390 in
1738 4332 1873 4402 victoria,

163 4421 987 4498 aMasculuscujuscarcpreputiicircumcisanonluerit,
1042 4421 1232 4495 corruptibile
1242 4421 1408 4478 hooinduei
1417 4420 1677 4494 isstssrtupliottssffl,
1687 4420 1875 4495 implebitur·

164 4512 270 4586 peribit
279 4513 377 4569 anima
388 4510 597 4586 iliadepopulc
608 4529 671 4580 suo,
681 4512 749 4586 quia
759 4520 878 4588 pactum
889 4533 988 4574 mcum
1002 4528 1027 4595 Ι)
1043 4527 1100 4584 que
1124 4512 1155 4567 in
1180 4508 1250 4580 illis,
1268 4509 1318 4583 qui
1332 4509 1383 4567 illo
1400 4510 1506 4568 seculo
1529 4509 1612 4584 digni
1625 4509 1734 4568 inventi
1749 4511 1871 4581 tuerint,

163 4601 280 4657 irritum
296 4600 363 4656 lecit
378 4601 453 4673 (Gen.
469 4602 549 4674 xvir).
568 4623 582 4651 »ι
597 4601 659 4658 Non
675 4602 752 4674 quod
774 4603 872 4662 intans
887 4623 988 4663 recens
1044 4601 1122 4673 quod
1137 4599 1280 4656 Dominus
1300 4597 1341 4654 ait
1355 4597 1385 4655 in
1401 4598 1594 4673 Evangelio«
1610 4603 1642 4656 ιιι
1658 4600 1875 4659 resurrectione

164 4693 262 4758 natus,
271 4689 338 4746 boni
354 4695 382 4745 et
395 4689 726 4764 maliignarus,pactum
735 4690 850 4748 Domini
859 4694 990 4766 persoir·
1042 4688 1269 4762 nequenubunt,
1279 4703 1374 4774 npqne
1382 4689 1540 4757 nubentur,
1553 4689 1602 4744 sed
1613 4690 1683 4744 sunt
1690 4688 1767 4744 sicut
1774 4689 1873 4763 angeli

140 4825 150 4838 ,
164 4778 253 4834 ritum
265 4779 359 4836 lacere
374 4781 483 4851 posset,
495 4779 546 4836 sed
557 4777 627 4851 quia
641 4778 677 4835 de
687 4777 768 4835 illius
777 4780 875 4838 radice
886 4799 987 4840 omnes
1042 4777 1093 4836 Dei
1104 4777 1134 4833 in
1151 4776 1222 4834 ccelo
1232 4777 1307 4850 (Lac.
1319 4777 1378 4850 xx).
1389 4799 1403 4828 ι
1416 4776 1551 4849 lllquales
1561 4777 1639 4840 enim
1649 4774 1763 4850 angelis
1772 4781 1871 4850 erunt,

163 4868 367 4935 nascebantur,
380 4869 430 4941 qui
445 4872 563 4941 pactum
574 4866 622 4924 Dei
634 4865 663 4922 in
675 4866 810 4939 paradiso
822 4866 938 4925 irritum
951 4870 989 4926 le·
1041 4881 1110 4922 cum
1128 4865 1179 4922 lllii
1203 4865 1423 4923 resurrectionis
1440 4865 1557 4923 luerint.
1583 4863 1708 4922 Pulchre
1730 4881 1800 4938 crgo
1814 4865 1873 4922 cir-

163 4957 251 5018 cernt,
267 4960 318 5010 aut
332 4956 564 5026 circumcisione,
580 4961 632 5013 aut
646 4955 712 5012 aliis
729 4955 824 5012 modis
839 4956 988 5028 purificari
1041 4953 1219 5012 cumciditur
1232 4971 1315 5028 puer.
1332 4955 1437 5011 l'actus
1453 4959 1498 5012 ost
1512 4955 1590 5012 enim
1602 4971 1684 5028 puer,
1696 4954 1747 5028 qui
1762 4971 1872 5027 pueros

162 5041 343 5115 indigebant,
359 5043 429 5115 quia
438 5044 553 5102 vinculo
567 5044 717 5119 originalis
728 5043 839 5118 peccati
851 5047 989 5104 teneban·
1042 5045 1200 5117 querebat,
1218 5043 1247 5100 id
1262 5047 1307 5099 est
1321 5059 1420 5115 puros.
1433 5043 1504 5110 ouis
1514 5047 1559 5100 est
1572 5043 1628 5100 iate
1643 5059 1726 5117 puer,
1739 5042 1797 5100 nisi
1808 5041 1869 5112 ille,

162 5132 212 5186 tur
225 5130 348 5199 astricti,
366 5130 478 5188 dicente
494 5131 661 5190 Psalmista:
680 5156 694 5185 ιι
707 5135 778 5191 Dece
793 5135 871 5192 enim
886 5135 915 5192 in
930 5135 985 5192 ini·
1043 5134 1093 5208 qui
1108 5151 1175 5191 cum
1190 5131 1230 5190 sit
1244 5147 1369 5205 magnus
1387 5135 1417 5188 et
1440 5131 1598 5189 laudabilis
1614 5131 1715 5202 nimis,
1731 5136 1760 5190 et
1783 5133 1871 5206 cujus

162 5217 325 5291 quitatibus
339 5225 497 5292 conceptus
508 5237 585 5289 sum,
602 5226 630 5277 ct
644 5221 673 5278 in
689 5222 805 5280 delictis
815 5223 925 5296 peperit
940 5241 987 5281 me
1042 5221 1255 5298 magnitudinis
1270 5236 1327 5276 non
1343 5223 1389 5276 cst
1408 5219 1486 5289 linis,
1503 5226 1622 5295 propter
1644 5237 1698 5278 nos
1717 5236 1792 5295 puer
1806 5220 1871 5278 lieri

162 5311 256 5364 mater
269 5324 333 5366 mea
348 5309 433 5382 (Psoi.
451 5308 487 5381 ι).
504 5332 519 5358 »
540 5309 597 5366 Nec
613 5310 708 5368 solum
725 5329 775 5386 per
788 5312 987 5370 circumcisio·
1041 5313 1179 5386 dignatus
1190 5308 1518 5382 csttdcquoscriptum
1529 5312 1587 5367 est:
1598 5332 1612 5362 ιι
1623 5311 1870 5384 Decepuermeus

162 5415 240 5468 nem,
264 5399 315 5455 sed
339 5399 426 5456 etiam
451 5413 502 5471 per
516 5398 678 5456 hostiarum
695 5401 872 5458 oblationem
888 5402 986 5475 plures
1041 5399 1151 5458 electus
1165 5415 1253 5472 quem
1268 5395 1352 5471 elegi,
1364 5397 1449 5472 posui
1459 5399 1656 5473 principatum
1666 5415 1754 5474 super
1762 5398 1871 5455 hume·

161 5487 253 5544 Deum
265 5487 921 5562 placarestudebant,sicutexemplopatientiae
932 5491 986 5548 Job
1041 5507 1107 5546 rum
1117 5490 1192 5561 ejus,
1201 5490 1230 5544 et
1237 5486 1388 5544 vocabitur
1398 5505 1505 5546 nomen
1513 5489 1577 5560 ejus
1586 5486 1787 5556 Admirabilis,
1799 5489 1872 5543 Gon-

161 5575 314 5650 discirnus,
325 5576 375 5650 qui
387 5594 418 5636 se
428 5593 556 5652 suusque
567 5575 674 5634 liberos
685 5578 862 5652 quotidianis
875 5580 987 5642 sacrid-
1041 5577 1182 5646 siliarins,
1195 5576 1282 5648 Deus,
1293 5575 1399 5647 Fortis,
1412 5577 1496 5636 Pater
1508 5577 1599 5637 lutari
1610 5575 1871 5649 saculi,Prinoeps
