3872 6168
87 363 133 418 :iai
678 361 867 422 litlhllldAE
888 359 939 421 nd
961 363 1160 424 TEMPORE.
1716 370 1775 430 362

118 517 130 544 ι
143 495 231 549 Amen
247 492 312 548 dico
326 493 420 560 vobis,
430 492 599 566 ubicunque
609 493 798 566 praedicatum
810 493 897 548 luerit
911 493 937 560 Α
990 517 1003 542 ιι
1021 496 1056 549 ht
1069 494 1156 551 lesus
1171 494 1245 550 dixit
1260 511 1266 550 ι
1284 495 1325 552 lte
1341 495 1370 551 in
1393 496 1538 555 civitatem
1555 497 1590 554 ed
1607 502 1774 572 quemdam,

82 607 95 632 ιι
112 583 158 638 hoc
173 581 363 655 Evangelium
385 582 414 636 in
436 586 495 638 toto
511 583 631 652 nrnndo,
648 583 760 639 dicetur
775 587 804 638 ot
818 583 895 655 quod
951 606 965 633 ιι
982 587 1010 638 et
1025 583 1112 640 dieite
1127 583 1152 640 el
1166 602 1172 640 :
1186 584 1325 658 Magister
1339 586 1419 653 dicit,
1434 588 1563 660 Tempus
1578 592 1676 645 meum
1687 595 1776 667 prope

81 694 94 721 ι
110 671 158 726 hoc
174 671 240 726 lecit
256 670 285 725 iu
301 670 473 726 memoriam
489 671 587 741 ojus.»
596 670 759 726 Notandum
773 670 896 741 estquia
951 697 964 721 ιι
982 676 1034 740 ιιι,
1052 673 1129 744 apud
1144 679 1172 729 te
1188 674 1261 730 laeio
1276 673 1388 731 Pascha
1402 693 1469 732 cum
1490 675 1643 751 discipulis
1659 677 1741 736 meis.
1758 701 1772 730 a

78 760 223 826 Dominus,
239 764 306 832 post
320 759 445 816 biduum
460 775 602 831 passurus
628 763 656 816 et
679 759 896 832 crucifigendus
950 761 1061 820 idioma
1077 763 1222 819 Hebraicae
1248 764 1354 838 lingue
1378 770 1432 826 est,
1448 765 1510 822 sine
1535 765 1773 826 denominatione

78 848 412 922 aJudaeis‚Dvangelium
425 849 894 922 suumpredicitpcrunirersum
950 855 1093 908 certarum
1108 869 1299 924 personarum
1322 853 1414 927 loqui,
1431 855 1509 928 quod
1533 856 1563 912 in
1585 856 1639 912 hac
1664 855 1775 914 ratione

78 940 170 995 orbem
191 955 256 996 esse
281 938 510 1010 praedicandum.
528 939 704 994 Praedicator
727 955 796 1010 ergo
819 938 896 994 inter
950 945 1096 997 servatum
1108 945 1162 998 est.
1172 943 1206 998 Dt
1216 942 1336 1015 pulchre
1351 943 1492 1000 Dominus
1508 961 1566 1002 non
1579 945 1716 1020 exprimit
1725 959 1775 1008 na·

79 1030 129 1086 alia
143 1027 284 1085 miracula
299 1027 458 1084 Salvatoris
473 1028 561 1084 ctiam
573 1027 670 1084 Maria
683 1027 893 1096 benevolentia,
949 1046 1016 1086 men
1032 1029 1202 1104 illius,apud
1219 1049 1305 1106 quern
1321 1031 1521 1090 celebraturus
1537 1034 1575 1091 sit
1590 1036 1711 1100 Pascha,
1728 1051 1774 1092 os·

79 1120 176 1190 eteius
191 1117 304 1174 devotio
320 1117 356 1172 ab
372 1117 510 1173 omnihus
525 1115 672 1186 laudatur,
690 1116 801 1174 scilicet
816 1117 893 1189 quod
948 1119 1071 1176 tendens
1087 1121 1157 1192 quia
1171 1138 1256 1178 nemo
1271 1122 1440 1195 excipitura
1455 1122 1622 1181 celebritate
1632 1121 1773 1197 paschali,

80 1214 158 1280 caput
174 1205 289 1262 Domini
305 1205 430 1274 unxerit
446 1207 523 1278 quod
540 1207 628 1279 pedes
652 1205 732 1262 illius
756 1203 894 1279 lacrymis
948 1208 1197 1310 quicunquecum
1214 1210 1691 1270 Dominovolueriteacelebrere.
1710 1209 1775 1270 ιιΕι

79 1294 207 1352 inluderit
195 1295 305 1366 qnod
320 1292 434 1366 caprlhs
446 1293 616 1352 terserat
630 1311 689 1350 non
704 1297 764 1349 tam
781 1293 927 1349 dcaotro
947 1297 1100 1354 diciteei:
1117 1299 1257 1372 Magister
1278 1299 1349 1356 dicit
1337 1303 1491 1374 stempas
1515 1317 1624 1368 meum,
1644 1301 1707 1357 sid
1730 1306 1774 1358 est

79 1383 831 1458 llariaepraedioaturquamssdesotdevotiosanotac
843 1383 893 1440 De·
947 1387 1345 1460 tempnspassionismeaeff
1339 1407 1460 1490 «prope
1483 1395 1536 1462 est,
1554 1391 1631 1464 apud
1655 1391 1772 1448 talasio

79 1474 203 1531 closis«
220 1472 338 1528 Drcetur
352 1474 381 1528 et
398 1473 474 1545 quod
491 1472 574 1530 hoe
592 1473 786 1529 subaudiatur
806 1489 890 1546 opus,
947 1475 1059 1532 Pascha
1073 1493 1140 1532 cnm
1156 1475 1312 1550 discipulas
1327 1495 1443 1535 mers

78 1562 185 1618 «lecit
178 1579 207 1617 ιιι
223 1561 397 1618 memoriam
413 1562 522 1633 ejus.»
982 1566 1046 1620 ιιΕι
1061 1565 1193 1622 lecemnt
1182 1565 1379 1639 tdlseipuli
1357 1571 1433 1624 srcnt
1444 1585 1514 1625 cous
1516 1567 1596 1625 tituit
1606 1565 1664 1625 illis
1674 1568 1770 1638 Jesus,

107 1675 119 1702 ιι
133 1652 212 1707 'luno
228 1649 387 1706 abiitunus
398 1650 433 1705 de
444 1649 670 1732 duodeqim,qui
681 1651 788 1707 dicitur
799 1651 892 1708 iudas
948 1675 959 1703 ι
977 1657 1006 1710 et
1020 1659 1197 1727 paraverunt
1217 1655 1337 1728 pascha.
1354 1655 1466 1715 »Alius
1489 1656 1666 1731 evangelista
1689 1657 1770 1728 dicit,

76 1738 890 1813 aScarioth,adprincipessacerdctum.›rDioendoatnnc
945 1743 1015 1816 quia
1029 1749 1132 1801 euntes
1148 1743 1286 1819 discipuli
1309 1743 1484 1802 invenerunt
1505 1747 1685 1804 coeneculum
1698 1759 1771 1804 ‘ma-

76 1832 149 1898 abiit,
158 1852 172 1881 a
185 1829 314 1885 ostendit
328 1827 406 1884 hunc
422 1843 479 1883 non
491 1828 612 1884 invitum
624 1829 780 1886 Dominum
793 1829 889 1886 Salva·
917 1866 919 1868 -
945 1849 1036 1906 gnum
1050 1837 1187 1904 stratum,
1201 1837 1230 1891 et
1245 1833 1284 1890 ihi
1301 1837 1487 1908 paraverunt.
1504 1835 1566 1892 Non
1589 1835 1666 1892 enim
1688 1839 1773 1894 vacat

76 1925 157 1976 torem
172 1917 346 1992 prodidisse,
356 1917 407 1973 sed
418 1921 520 1989 sponte
536 1917 570 1973 ad
587 1918 779 1990 perditionem
792 1935 888 1976 acces·
944 1939 961 1978 a
977 1939 1082 1996 magno
1098 1921 1247 1996 mysterio,
1263 1925 1340 1996 quod
1356 1924 1497 1982 Dominus
1513 1924 1543 1980 in
1557 1924 1705 1982 coenaoulo
1719 1925 1772 1982 Pa·

76 2005 771 2080 sisseet,cupiditateductum,ejusperditionem
781 2007 889 2082 promi·
944 2014 1015 2067 seha
1030 2011 1225 2069 celebraverit.
1243 2013 1393 2086 Significat
1408 2014 1486 2070 eninr
1508 2013 1690 2070 coenaculum
1706 2013 1772 2070 alti·

78 2100 151 2154 sisse.
944 2099 1076 2156 tudinem
1091 2101 1254 2173 spiritualis
1268 2101 1477 2175 intelligentiae.
1494 2103 1687 2160 'fresonensis
1703 2117 1772 2176 ergo

105 2212 117 2238 ιι
133 2185 205 2254 Quid
219 2184 310 2241 vultis
326 2183 397 2240 mihi
413 2185 492 2254 dare,
507 2187 536 2240 et
558 2201 611 2258 ego
635 2186 717 2242 vobis
739 2203 806 2242 eum
831 2189 888 2242 tra·
944 2189 1071 2246 carnalis
1082 2189 1774 2259 litteraeinstrumenti5,inooenaculocelebravit

75 2277 153 2332 dam?
168 2297 182 2326 ιι
198 2276 262 2331 Non
278 2273 432 2330 constituit
447 2273 488 2330 cis
504 2274 641 2346 pretinm,
658 2275 709 2330 sed
724 2275 754 2330 iu
771 2275 887 2331 illorum
945 2278 1066 2349 Paseha,
1077 2279 1131 2336 hoc
1146 2283 1192 2336 est
1207 2279 1236 2334 in
1248 2280 1401 2336 altitudine
1411 2279 1482 2336 Novi
1495 2281 1686 2349 Testamenti,
1698 2280 1772 2336 dans

75 2365 183 2421 arbitrio
198 2363 298 2437 posuit
312 2362 382 2436 quid
397 2362 423 2418 ei
445 2363 514 2418 dure
533 2361 650 2431 uellent,
666 2366 771 2419 utnon
787 2365 888 2420 Domi·
944 2369 1029 2426 nobis
1045 2369 1223 2443 exemplum,
1240 2373 1273 2426 ut
1287 2370 1312 2425 si
1328 2368 1440 2426 Pascha
1459 2386 1526 2426 cum
1553 2369 1675 2426 Domino
1689 2367 1772 2425 uoln-

76 2471 148 2522 num,
159 2455 208 2511 sed
224 2452 308 2526 quasi
322 2451 378 2508 vile
392 2451 572 2526 mancipium
588 2453 710 2510 vendere
725 2457 887 2526 putaretur.
945 2476 1012 2514 mus
1029 2459 1185 2526 celebrare,
1195 2459 1256 2514 ima
1271 2463 1299 2514 et
1313 2459 1416 2515 intima
1432 2460 1685 2526 transcendamus,
1698 2461 1726 2514 et
1741 2458 1772 2514 in

75 2569 85 2595 ιι
100 2547 132 2600 at
146 2543 187 2600 illi
202 2542 417 2600 constituerunt
432 2541 457 2597 ci
472 2541 593 2615 triginta
619 2545 781 2615 argenteos.
800 2565 810 2592 ι
829 2543 889 2599 lm·
944 2547 1102 2616 emnaculo,
1117 2549 1172 2604 hoe
1186 2553 1231 2604 est
1245 2548 1274 2603 in
1291 2547 1395 2604 divine
1411 2547 1664 2621 contemplationis
1674 2547 1772 2604 altitu-

75 2634 174 2706 pletum
190 2637 234 2690 est
249 2632 304 2688 hoc
321 2631 398 2704 quod
414 2631 601 2704 omnipotens
626 2637 702 2687 Deus
717 2649 768 2704 per
782 2633 889 2688 Zacha·
944 2637 1022 2705 dine,
1039 2636 1151 2694 Pascha
1167 2653 1234 2692 cum
1250 2637 1373 2693 Domino
1388 2638 1580 2694 celebremus.

75 2725 139 2779 riam
155 2725 277 2796 questus
293 2719 505 2788 luerat,dicens
515 2737 521 2776 :
533 2720 583 2776 «si
595 2721 705 2776 hornum
721 2725 764 2778 est
779 2722 808 2776 in
819 2739 889 2778 ocu·
980 2749 994 2776 ιι
1010 2727 1136 2798 Vespere
1151 2730 1249 2782 antem
1265 2726 1350 2796 lacto,
1362 2727 1566 2785 discumbebat
1580 2743 1648 2786 oum
1663 2725 1770 2783 duode·

73 2813 103 2869 tis
128 2813 243 2880 restris,
272 2811 372 2867 allerte
400 2809 471 2866 mihi
502 2810 752 2867 mercedemzsln
779 2816 888 2879 autem,
946 2837 960 2866 ιι
975 2813 1032 2871 cim
1048 2814 1201 2886 discipulis
1217 2814 1290 2870 suis.
1309 2837 1323 2865 »
1338 2816 1448 2888 Vesper
1463 2815 1610 2889 significet
1633 2814 1769 2880 ultimam

73 2901 253 2975 quiescite,et
264 2898 467 2974 appenderunt
477 2900 641 2956 mercedem
657 2915 752 2956 meam
768 2899 890 2973 triginta
944 2907 1069 2972 aetatem,
1081 2904 1110 2983 iq
1122 2919 1180 2976 qna
1193 2919 1278 2960 verus
1289 2903 1337 2960 Sol
1349 2904 1485 2960 occubuit
1495 2904 1631 2978 patiendo
1642 2919 1768 2974 crucem,
1790 2975 1794 2978 ,

72 2995 228 3066 argenteos,
242 2989 381 3045 decorum
398 2987 535 3062 pretium,
552 3005 610 3061 quo
626 2989 806 3062 appretiatus
822 3005 888 3044 sum
943 3011 1032 3069 quem
1044 3010 1096 3066 pro
1107 2991 1201 3049 salute
1212 2995 1327 3068 generis
1339 2994 1461 3050 humani
1471 2993 1622 3051 sustinuit.
1632 2993 1691 3050 lloc
1701 3004 1769 3094 ergo

72 3081 103 3136 ab
118 3083 158 3138 cis
172 3081 264 3152 (lact.
274 3077 326 3150 xri
338 3099 351 3128 ›
362 3078 416 3133 Pro
431 3077 576 3135 universis
591 3077 740 3134 beneflciis
756 3093 819 3150 qua
831 3077 888 3134 Do
942 3099 1061 3156 vespere
1077 3081 1227 3137 discubuit
1247 3099 1315 3138 cum
1339 3082 1494 3139 duodecim
1519 3082 1672 3186 discipulis
1695 3082 1769 3151 suis,

71 3172 163 3227 minns
180 3173 316 3244 operatus
331 3166 449 3223 luerat
440 3185 471 3222 ιιι
485 3167 536 3236 ιιι,
548 3167 669 3241 triginta
683 3171 887 3240 argenteorum
943 3172 999 3229 hoo
1014 3176 1057 3228 est
1061 3169 1204 3243 ,quietem
1215 3175 1355 3227 aeternam
1366 3187 1418 3244 per
1431 3170 1584 3245 sanguinis
1600 3189 1645 3229 sur
1638 3168 1771 3280 edusiu-

70 3259 156 3332 pretio
168 3258 404 3334 appretiaverunt
414 3273 492 3313 eum.
500 3255 656 3314 Sciendum
666 3273 733 3314 vero
744 3260 788 3313 est
792 3257 888 3330 ,quod
904 3235 926 3303 C
945 3279 1011 3317 nem
1027 3260 1069 3317 eis
1084 3259 1265 3332 preparavit

69 3347 690 3422 Josephnonaigintiaureisaenditnst
645 3351 690 3403 est
713 3347 889 3420 (utquidam
980 3349 1289 3418 «Amendicovobis,
1307 3349 1614 3422 quiaunustestrum
1636 3366 1684 3406 me
1707 3351 1769 3406 tre-

69 3443 183 3510 pntant,
197 3439 360 3496 secundum
377 3437 554 3510 quodeditio
579 3437 752 3510 Septuagint
754 3453 771 3493 ι
741 3437 890 3494 tdecla·
946 3463 960 3490 ιι
977 3440 1092 3496 diturus
1108 3441 1152 3495 est
1155 3479 1161 3494 .
1179 3461 1193 3488 ιι
1209 3439 1261 3494 Pot
1249 3442 1325 3494 terat
1349 3437 1466 3510 quidem
1489 3437 1631 3494 Dominus
1646 3437 1769 3494 tradito-

69 3533 129 3600 ιιι),
146 3529 198 3585 sed
214 3527 313 3602 potius
327 3525 429 3600 viginti
445 3526 600 3600 argenteis,
617 3543 653 3582 ne
677 3543 778 3583 servus
799 3527 891 3600 pretio
946 3547 1007 3586 rem
1030 3527 1203 3584 nominatim
1226 3527 1397 3601 exprimere,
1413 3527 1464 3583 sed
1489 3527 1593 3595 noluit,
1609 3543 1656 3596 ne,
1672 3525 1770 3600 impu·

67 3618 191 3675 chariori
206 3619 331 3674 Domino
345 3617 527 3673 venderetur.
947 3617 1047 3674 dantia
1060 3616 1185 3686 vinetus,
1202 3616 1233 3672 in
1248 3617 1419 3673 barathrum
1442 3615 1606 3691 negationis
1621 3609 1770 3672 incideret.

101 3732 114 3756 ιι
131 3709 166 3763 st
182 3709 285 3764 exinde
297 3707 445 3780 querebat
457 3706 705 3778 opportunitatem
717 3711 749 3763 nt
759 3723 825 3763 enm
838 3710 894 3763 tre·
947 3707 1091 3763 admonet
1106 3721 1174 3779 ergo
1189 3704 1271 3761 illum
1285 3705 1460 3779 generaliter
1473 3706 1509 3761 ad
1524 3704 1660 3776 salntem,
1678 3709 1710 3761 ut
1725 3703 1774 3761 ad-

68 3820 80 3844 ιι.
98 3797 189 3854 deret.
206 3819 219 3849 o
237 3797 269 3853 ld
286 3801 340 3864 est,
353 3799 550 3868 opportunum
566 3795 673 3862 locum,
687 3811 744 3868 quo
759 3801 895 3852 etrmtra·
948 3794 1109 3852 monitione
1123 3799 1272 3851 correctus
1287 3794 1490 3868 paenitentiam
1506 3798 1613 3869 ageret.

68 3885 135 3941 dere
151 3890 260 3959 posset,
277 3885 434 3958 querebat.
449 3885 540 3948 Quam
555 3884 803 3958 opportunitatem
819 3901 895 3958 quae·
985 3908 999 3936 ιι
1016 3885 1051 3940 Ει
1065 3883 1228 3940 contristati
1243 3882 1337 3952 valde,
1354 3887 1504 3958 eoeperunt
1531 3883 1639 3958 singuli
1655 3883 1750 3940 dicere
1766 3899 1773 3940 ι

69 3975 162 4044 rebat,
186 3975 260 4032 alins
288 3973 466 4047 evangelista
489 3974 668 4042 manifestat,
692 3974 837 4046 videlicet,
862 3979 896 4032 ut
951 3997 965 4027 ι
981 3973 1120 4045 Nnnquid
1137 3988 1188 4046 ego
1204 3989 1281 4042 sum,
1299 3972 1444 4030 Domine?
1456 3995 1470 4023 ι
1485 3973 1518 4029 Ει
1533 3989 1599 4030 vere
1613 3973 1696 4030 valde
1707 3973 1777 4030 sunt

69 4063 198 4121 traderet
212 4079 280 4122 eum
296 4063 359 4121 sine
374 4063 479 4134 turbis,
495 4063 525 4120 id
542 4068 587 4120 est
608 4063 670 4121 sine
687 4063 827 4138 suffragio
842 4082 895 4139 po·
950 4061 1125 4129 contristati,
1141 4059 1283 4134 quianon
1299 4060 1395 4117 solum
1422 4065 1558 4134 poterant
1580 4065 1705 4118 mortem
1720 4061 1777 4118 Do-

68 4153 151 4222 puli:
168 4155 237 4228 quia
250 4153 374 4211 timebat
388 4169 455 4211 eum
471 4154 507 4210 de
521 4153 658 4211 menibus
673 4153 736 4211 suis
751 4153 896 4228 adjutorio
950 4151 1024 4211 mini
1038 4150 1183 4217 meditari,
1201 4150 1251 4206 sed
1267 4149 1354 4206 etiam
1370 4167 1423 4206 nec
1449 4150 1561 4207 andire.
1578 4149 1660 4207 Unde
1674 4151 1777 4206 Petrus

68 4241 173 4314 populi
187 4242 315 4300 liberari.
952 4238 1102 4316 apostolas
1111 4238 1233 4294 audiens
1241 4236 1400 4294 Dominum
1411 4237 1588 4311 depassione
1597 4255 1651 4294 sua
1659 4237 1779 4312 loqueri-

104 4353 118 4379 «
137 4331 234 4390 Prima
248 4337 346 4390 autem
363 4332 410 4389 die
425 4333 597 4406 haymorum
613 4332 897 4390 accesseruntdisei-
952 4335 1010 4387 tem
1034 4328 1157 4385 dixit:«
1174 4327 1257 4382 Absit
1286 4325 1424 4395 hecate,
1442 4344 1500 4383 non
1525 4325 1660 4383 morieris
1674 4324 1776 4400 (uam.

70 4442 83 4466 ιι
100 4421 165 4492 puli
193 4425 227 4480 ad
254 4423 366 4480 Jesum.
384 4444 399 4471 »
414 4421 542 4477 Primam
572 4423 746 4494 Azymorum
770 4421 898 4494 appellat
951 4423 1020 4490 ιιι).
1039 4415 1205 4475 »Sciebant
1226 4415 1345 4489 quidem
1366 4433 1468 4472 omnes
1492 4413 1627 4490 apostoli,
1643 4416 1720 4490 quod
1735 4413 1786 4472 nil·
1807 4431 1811 4438 ’

71 4511 369 4580 quartamdecimam
394 4510 471 4566 diem
486 4509 574 4584 primi
590 4511 712 4580 mensis,
728 4512 845 4583 quando
862 4513 898 4567 ad
952 4509 1009 4566 tale
1024 4508 1054 4562 in
1070 4505 1227 4563 Dominum
1243 4505 1452 4580 cogitaverunt,
1462 4506 1513 4562 sed
1527 4505 1635 4562 conscii
1651 4521 1710 4562 sue
1722 4503 1778 4561 lra-

71 4613 222 4672 xesperam
237 4619 333 4676 ugnus
347 4600 566 4656 immolabatur.
583 4601 690 4674 dzgma
705 4603 804 4656 autem
818 4599 898 4656 dice·
912 4611 936 4677 D
952 4596 1085 4673 gilitatis,
1097 4594 1164 4668 plus
1175 4594 1314 4668 magistro
1326 4612 1414 4667 quam
1427 4613 1485 4652 sua
1501 4593 1651 4668 fragilitati
1661 4594 1778 4652 creden·

72 4685 184 4746 bantur
195 4692 300 4765 reliqui
311 4691 380 4746 dies
396 4693 508 4763 septem
525 4693 689 4762 sequentes,
700 4705 732 4745 eo
744 4690 821 4762 quod
837 4689 900 4746 sine
953 4692 1008 4756 tes,
1025 4685 1161 4742 dicebant
1178 4701 1184 4741 :
1201 4707 1216 4736 ιι
1232 4683 1370 4757 Nunquid
1386 4700 1438 4760 ego
1454 4699 1531 4752 sum,
1547 4683 1694 4740 Domine?
1709 4707 1723 4732 ιι

74 4775 190 4848 Azyma,
203 4779 229 4836 id
245 4778 370 4836 estsine
385 4778 527 4834 fermento
543 4779 649 4834 essent.
665 4777 727 4833 Non
738 4777 816 4834 enim
828 4777 900 4834 lice·
990 4800 1004 4828 ιι
1018 4777 1054 4832 At
1068 4775 1131 4848 ipse
1157 4773 1336 4846 respondens
1360 4774 1401 4830 ait
1417 4789 1424 4828 t
1441 4774 1495 4840 Qui
1518 4772 1637 4846 intingit
1661 4769 1777 4828 mecum

77 4861 125 4918 bnt
140 4867 170 4922 in
184 4867 362 4925 illis'diebus
379 4867 584 4923 tormentatum
601 4866 714 4940 aliquid
737 4867 899 4924 comedere.
955 4891 969 4919 ιι
985 4881 1107 4922 manum
1123 4863 1152 4919 in
1167 4861 1389 4936 paropside,hic
1404 4879 1451 4918 me
1464 4861 1570 4918 tradet.
1584 4884 1597 4910 »
1613 4861 1679 4918 Jam
1694 4876 1779 4933 supe·

81 4949 197 5012 Ponitur
209 4962 308 5014 tamen
323 4961 352 5013 et
366 4958 474 5030 Azyma
488 4971 540 5029 pro
555 4955 675 5023 Pascha,
686 4959 714 5012 et
723 4955 835 5014 Pascha
849 4973 900 5029 pro
955 4955 1018 5012 rius
1033 4954 1162 5012 dixerat:
1179 4975 1193 5003 ιι
1211 4952 1291 5007 Unus
1306 4955 1436 5007 vestrum
1453 4967 1499 5007 me
1515 4950 1677 5007 traditurus
1692 4952 1747 5020 est,
1764 4973 1778 5000 ιι

83 5041 192 5114 lizyma,
208 5047 285 5104 sicut
299 5045 357 5113 hic,
367 5045 416 5101 nbi
431 5045 525 5117 ipsam
537 5044 721 5100 festivitatem
732 5045 900 5118 paschalem
955 5045 1005 5102 scd
1017 5043 1086 5116 quia
1097 5041 1144 5098 ille
1153 5041 1322 5096 admonitus
1331 5057 1388 5094 non
1399 5045 1497 5112 egerat
1506 5039 1780 5113 poenitentiampam

86 5127 184 5202 &yma
197 5133 333 5208 appellat.
355 5133 434 5190 «Ubi
450 5133 494 5189 vis
514 5149 652 5206 paremus
673 5131 725 5188 tibi
751 5134 902 5190 comedere
956 5127 1780 5206 apertiusillumdesignat,dicens:«0uiintingitmecun'r

89 5221 208 5286 paschal
226 5245 240 5274 ι)
257 5222 454 5296 lntelligimus
469 5222 499 5278 in
514 5221 568 5278 hoo
584 5219 646 5278 loco
661 5222 739 5294 quod
756 5222 771 5278 J
775 5222 847 5277 udas
861 5223 901 5278 si·
955 5237 1077 5278 manum
1092 5220 1121 5275 in
1139 5217 1304 5291 paropside,
1320 5216 1367 5272 hic
1382 5233 1428 5272 me
1443 5217 1547 5274 tradet.
1557 5238 1571 5269 u
1584 5218 1719 5293 Paropsis
1730 5234 1781 5274 vas

94 5307 145 5363 mul
157 5329 219 5368 cum
230 5311 296 5369 eliis
307 5309 462 5384 discipulis
475 5312 630 5367 accesserit
640 5311 675 5368 ad
686 5328 764 5367 eam.
777 5312 900 5384 Pauper,
956 5313 1001 5366 cst
1016 5309 1202 5382 quadratum,
1214 5305 1325 5361 dictum
1341 5303 1418 5377 quod
1434 5305 1472 5362 sit
1487 5305 1606 5379 paribus
1617 5305 1780 5376 absidibus,

95 5391 224 5470 inquiunt,
241 5417 282 5470 es,
300 5403 329 5457 et
343 5415 501 5474 pauperem
523 5403 552 5455 te
571 5416 623 5457 nos
639 5417 782 5473 pauperes
797 5415 902 5456 sumus
956 5399 984 5454 id
1000 5402 1045 5454 est
1059 5393 1540 5468 equislateribusllstautemvas
1551 5394 1781 5470 escarum,quod

100 5487 180 5558 scuti,
187 5507 275 5546 causa
285 5490 327 5546 tui
340 5488 459 5559 amoris,
467 5489 610 5562 quidquid
621 5488 727 5546 hubcrc
738 5487 900 5562 potuimus,
956 5489 1070 5546 Marcus
1086 5483 1263 5558 evangelista
1278 5483 1408 5540 catinum
1423 5483 1561 5559 appellat,
1578 5485 1656 5559 quod
1672 5487 1717 5541 est
1730 5501 1782 5540 ves

101 5569 298 5654 dereliquimus,
308 5602 322 5631 ιι
335 5579 388 5636 Ubi
399 5579 442 5636 vis
454 5597 522 5654 ergo
532 5595 669 5654 paremus
686 5579 739 5636 tibi
750 5578 902 5638 comedere
956 5575 1054 5634 fictile.
1063 5572 1317 5648 lntelligitnrergo
1333 5572 1363 5630 in
1379 5589 1481 5630 mensa
1493 5573 1609 5631 Domini
1623 5574 1714 5630 luisse
1728 5570 1783 5629 eli'-

105 5665 211 5736 pascici
227 5693 238 5725 ι
957 5665 1035 5746 quod
1049 5679 1101 5726 aas
1116 5677 1262 5734 escarum,
1278 5663 1356 5741 quod
1381 5663 1542 5722 contineret
1565 5662 1725 5738 liquamen,
1749 5657 1781 5716 u

237 5799 370 5862 Parnon.
394 5795 523 5862 cxviii.
1586 5787 1623 5850 12
