3872 6168
87 313 133 376 „3
372 349 377 358 .
671 300 848 369 numus
870 300 919 364 oc
946 291 1146 364 taurona.
1688 291 1763 384 'tlt

81 445 165 518 ipsum
181 457 229 516 pro
244 435 885 513 nohisiliul.11')‚»etonegastisantelaciern
900 435 924 502 Α
943 457 957 486 ιι
973 434 1080 494 dicitur
1094 435 1246 509 Didymus.
1265 457 1278 484 ιι
1293 434 1328 491 Et
1353 431 1475 508 reliqua.
1498 433 1570 494 Cum
1590 435 1762 496 memoriam

80 531 183 601 pilati»
193 530 316 588 dieentes
326 545 332 584 :
343 551 357 578 ιι
367 528 665 602 crucifige,crucidge
675 525 883 584 »talemnNcs
941 525 1094 580 Dominioo
1111 525 1332 582 resurrectionis
1346 542 1463 598 semper
1477 524 1574 582 animo
1590 525 1722 596 retinere,
1734 531 1763 590 et

79 640 129 677 non
145 619 278 675 hahemus
293 634 390 691 regom
407 617 464 673 nisi
479 618 631 673 Gaesarem.
648 618 705 672 Nos
720 617 813 689 legem
829 615 884 672 ba·
939 627 987 668 ore
1005 613 1125 668 recitare
1140 612 1310 679 debeamus,
1323 612 1450 668 maxime
1465 617 1562 671 tamen
1579 614 1643 670 istis
1659 614 1762 672 diebus

78 712 215 772 temneat
229 707 387 762 secundum
404 706 497 778 legem
508 706 593 762 debet
606 705 766 777 mori,quia
777 703 883 760 Filium
938 699 973 756 dc
987 699 1039 756 illa
1054 700 1233 774 loquendum
1248 707 1302 768 est,
1319 702 1347 757 in
1364 702 1473 774 quibus
1489 703 1566 758 lacta
1586 703 1714 760 creditur
1736 708 1764 760 ct

76 799 119 854 Dei
134 814 162 854 se
184 795 256 862 lecit,
279 818 289 844 ι
317 817 327 844 ι
339 795 489 866 judicante
505 793 553 850 illo
569 793 687 850 dimitti.
704 817 717 842 ιι
734 793 884 862 Quaerebat
938 795 1100 846 veneratur.
1119 792 1152 846 lit
1168 808 1225 846 non
1245 791 1330 846 dehet
1354 807 1510 847 onerosum
1534 792 1625 848 videri
1650 792 1686 848 ad
1712 809 1763 848 au·

75 884 207 952 enimait
227 883 423 956 Evangelium,
441 883 551 939 Pilatus
577 883 834 956 opportunitatem,
852 887 884 937 ut
938 880 1089 946 diendum,
1100 881 1176 954 quod
1194 881 1304 936 sanctis
1320 879 1506 954 evangelistis
1522 881 1591 938 utile
1601 881 1698 940 visum
1710 881 1764 938 luit

73 975 221 1030 dimitteret
234 973 344 1040 lesum,
359 973 480 1028 dicens:
497 995 511 1022 ιι
530 973 587 1046 Ego
603 989 661 1028 non
675 971 790 1027 invenio
805 971 833 1026 in
850 987 883 1026 co
938 968 973 1022 ad
996 967 1193 1024 scribendum.
1211 969 1274 1026 Non
1300 969 1394 1025 solum
1421 970 1498 1025 enim
1524 969 1685 1044 gloriosum
1708 975 1763 1040 est,

73 1081 189 1129 causam,
204 1085 217 1112 ιι
235 1062 284 1118 sod
301 1078 395 1133 neque
411 1061 548 1120 Herodes.
565 1061 674 1117 Pilatus
685 1060 774 1116 mittit
785 1061 820 1117 ad
834 1061 884 1118 Hc·
938 1057 1016 1130 quod
1032 1057 1184 1131 discipulis
1211 1062 1277 1130 post
1294 1059 1534 1115 resurrectionem
1551 1059 1695 1132 apparuit,
1712 1059 1763 1116 sed

70 1151 305 1216 rodem,Herodes
317 1149 405 1205 mittit
415 1151 450 1206 ad
463 1151 686 1206 Pilatumlntsr
696 1151 770 1206 duas
781 1149 882 1223 impie·
937 1147 1024 1202 otium
1042 1164 1182 1203 numerus
1198 1165 1299 1204 corum
1315 1147 1424 1222 quibus
1441 1149 1586 1224 apparuit,
1602 1150 1646 1205 vel
1660 1148 1722 1204 loca
1733 1150 1762 1204 in

71 1245 135 1295 tates
149 1240 284 1295 discurrit
299 1239 401 1312 pietas,
419 1244 447 1294 ot
472 1244 570 1296 tamon
594 1240 729 1313 impietus
744 1240 881 1312 pictatem
937 1237 1044 1308 quibus
1059 1236 1139 1292 visus
1154 1243 1207 1304 cst,
1219 1238 1365 1310 mysteriis
1382 1237 1467 1310 plena
1479 1241 1556 1294 sunt.
1568 1237 1650 1303 Quod
1665 1237 1764 1294 inhu-

70 1345 119 1384 non
133 1331 225 1400 potest
239 1327 443 1384 condemnare.
470 1327 599 1385 Praescns
621 1334 665 1384 eet
686 1345 764 1397 reos,
781 1332 809 1382 et
824 1345 881 1384 non
932 1325 983 1397 jus
1001 1324 1132 1381 lectionis
1148 1327 1222 1382 serie
1238 1325 1423 1400 Evangelists
1438 1326 1624 1382 manifestare
1640 1328 1761 1394 curavit,

69 1417 202 1473 invenitur
215 1420 325 1473 reatus.
342 1416 516 1473 Tradidistis
532 1417 603 1472 mihi
629 1419 707 1474 hunc
733 1417 880 1474 hominem
936 1432 1002 1470 cum
1020 1420 1078 1470 tam
1095 1415 1217 1471 sollicite
1233 1416 1352 1471 modum
1369 1415 1559 1488 apparitionis
1570 1415 1634 1486 ejus
1649 1431 1764 1488 expres·

68 1506 141 1578 quasi
156 1509 342 1574 avertentem,
360 1505 467 1578 inquit,
483 1506 635 1579 populum,
653 1511 680 1563 et
702 1523 767 1562 ecce
784 1523 880 1562 coram
936 1503 984 1570 sit,
994 1501 1113 1559 dicens:
1129 1529 1141 1553 ιι
1156 1504 1350 1560 lilanilcstavit
1363 1522 1393 1562 se
1409 1504 1515 1560 iterum
1530 1504 1616 1560 Jesus
1630 1504 1666 1560 ad
1683 1521 1763 1562 mare

66 1594 137 1650 vobis
150 1595 344 1667 interrogans,
359 1594 471 1650 nullam
487 1613 606 1652 causam
623 1595 737 1652 invenio
752 1595 780 1651 in
798 1613 831 1652 eo
847 1612 881 1652 en
936 1592 1109 1648 Tiberiadis.
1122 1593 1317 1648 Manifestavit
1329 1597 1425 1648 autem
1443 1593 1495 1658 sic,
1509 1615 1522 1642 ιι
1533 1597 1587 1649 etc.
1599 1593 1632 1648 ut
1641 1591 1762 1665 pulchre

67 1682 114 1748 his,
124 1683 150 1738 iu
166 1681 274 1757 quibus
290 1700 357 1740 eum
369 1686 523 1740 accusatis.
537 1684 635 1741 Dicitis
645 1685 721 1758 quod
734 1683 881 1758 praecipiat
935 1681 1372 1754 septimaapparitioneseptem
1382 1681 1534 1754 discipulis
1545 1681 1763 1756 apparuit,quis

67 1770 163 1827 tributa
177 1789 235 1828 non
253 1771 326 1828 solvi
350 1773 465 1840 Cosani,
482 1773 666 1846 comprobavi
694 1773 801 1830 laisum
817 1791 880 1829 osso
896 1807 919 1872 B
936 1768 976 1825 illl
991 1771 1024 1826 ad
1043 1770 1258 1842 ejusvisioocm
1269 1771 1434 1842 perventuri
1448 1775 1528 1837 sunt,
1539 1771 1588 1844 qui
1600 1769 1762 1842 septiformi

67 1860 132 1936 quod
149 1860 287 1930 objicitis,
298 1861 405 1917 Docere
421 1861 497 1918 hunc
513 1865 613 1918 contra
628 1862 720 1936 legem
737 1861 881 1930 dicitis,et
937 1859 1065 1932 Spiritus
1080 1861 1171 1916 sancti
1187 1860 1281 1932 gratia
1296 1859 1465 1926 illuminati,
1481 1859 1587 1916 lluctus
1611 1859 1762 1931 proesentis

66 1949 170 2024 probavi
186 1966 255 2004 eum
273 1967 331 2005 non
356 1951 505 2006 destruere
520 1950 625 2024 legem,
642 1951 692 2008 sed
710 1950 879 2024 adimplere.
935 1949 1033 2004 saculi
1050 1949 1148 2005 divino
1160 1966 1260 2005 umore
1270 1949 1391 2016 calcant,
1402 1954 1430 2004 et
1442 1947 1471 2003 in
1487 1947 1637 2004 lucrandis
1653 1949 1763 2006 aalma·

66 2035 157 2094 Omnia
169 2054 232 2110 quar
249 2037 410 2110 objecistis,
427 2039 456 2094 io
472 2039 619 2096 diversum
635 2039 751 2095 inventa
764 2044 843 2096 sunt.
936 2039 990 2094 bus
1006 2037 1168 2111 invigilant.
1181 2037 1368 2110 Septenarius
1380 2038 1458 2093 euim
1471 2053 1623 2104 numerus,
1634 2037 1684 2110 qui
1698 2053 1764 2094 con-

96 2127 672 2198 nEtpelistisvirumhomicidamdonari
685 2128 777 2184 vobis.
789 2153 802 2178 ιι
813 2131 881 2186 Erat
935 2129 993 2184 stat
1008 2145 1042 2182 ex
1058 2125 1184 2183 ternario
1199 2133 1227 2182 et
1240 2127 1436 2200 quaternario,
1447 2127 1475 2182 id
1490 2130 1535 2183 est
1549 2143 1583 2202 ex
1599 2125 1693 2198 primo
1707 2127 1763 2182 im-

65 2215 209 2281 cotemnit
221 2215 425 2290 Evangelium,
436 2217 486 2290 qui
498 2217 649 2274 dicebatur
664 2218 811 2275 Barabbas
822 2220 880 2274 vin·
935 2216 996 2290 puri
1012 2219 1040 2270 ot
1059 2215 1153 2288 primo
1169 2215 1242 2288 pari,
1260 2216 1334 2272 donn
1353 2215 1480 2288 Spiritus
1495 2215 1588 2270 sancti
1605 2215 1761 2288 significat,

65 2307 128 2370 ctus,
139 2303 186 2376 qui
203 2305 232 2360 in
249 2305 396 2361 seditione
407 2307 512 2362 lecerat
521 2305 723 2362 homicidium.
733 2307 880 2364 Barabbas
935 2321 987 2378 per
1001 2305 1085 2376 cujus
1100 2304 1223 2380 gratiam
1238 2309 1266 2359 ot
1279 2305 1352 2359 lidos
1363 2303 1516 2360 Trinitatis
1529 2305 1724 2377 cognoscitur,
1735 2307 1763 2360 et

65 2392 142 2471 enim,
157 2393 205 2465 qui
221 2395 302 2464 filias
314 2397 403 2466 patris
424 2411 519 2452 eoram
533 2396 750 2469 interpretatur,
767 2397 879 2470 signifi·
935 2391 1763 2466 quatuorhlvangoliorumdoctrinacrvstoditur.Sedquae-

66 2483 105 2535 cat
118 2479 278 2550 diabolum,
288 2481 336 2555 qui
349 2482 457 2540 multas
470 2484 627 2541 seditiones
644 2485 674 2540 in
684 2489 745 2541 tolo
755 2486 881 2542 concitat
935 2481 973 2538 rit
985 2481 1091 2554 aliquis
1107 2498 1196 2554 quare
1212 2482 1315 2538 Petrus
1329 2487 1395 2554 post
1410 2479 1627 2538 comessionem
1643 2480 1679 2537 ad
1701 2480 1760 2554 pis·

66 2569 878 2646 orhe,homicidiascilicetetadulteriaetomniacrimina,
934 2571 1077 2628 sationem
1094 2569 1190 2638 rediit,
1199 2588 1265 2626 cum
1281 2570 1395 2626 Veritas
1405 2570 1484 2625 dicat
1496 2587 1501 2624 :
1515 2593 1529 2619 ιι
1541 2570 1631 2626 Nemo
1642 2567 1762 2626 mittens

66 2658 123 2730 quia
137 2657 232 2715 statim
251 2663 285 2715 ut
299 2660 386 2717 Jcsus
409 2660 566 2719 crucifixos
592 2667 645 2731 est,
663 2664 809 2720 barabbas
824 2665 879 2721 iste
934 2677 1055 2716 manum
1072 2660 1101 2714 in
1118 2663 1259 2725 aratrum,
1276 2662 1304 2714 et
1330 2658 1476 2731 aspiciens
1499 2662 1587 2726 reiro,
1604 2663 1691 2730 aptus
1716 2662 1762 2716 esi

66 2747 201 2814 dimissus,
217 2749 346 2804 sullocat
360 2750 502 2822 populum
516 2752 695 2809 ludaeorum.
934 2765 1023 2822 regno
1039 2749 1088 2804 Dei
1106 2749 1180 2821 (tac.
1197 2749 1260 2818 rxl‘l
1276 2772 1289 2799 ιι
1303 2749 1346 2804 Ad
1362 2748 1439 2820 quod
1455 2747 1551 2804 brevis
1565 2747 1693 2820 quidem,
1708 2748 1759 2804 sed

96 2857 107 2884 ιι
120 2838 274 2894 teotonem
297 2855 363 2894 veno
387 2839 452 2894 vite
476 2839 673 2910 interfecistis,
693 2864 702 2892 ι
722 2838 805 2898 illuni
828 2844 878 2916 qni
933 2837 1028 2894 facilis
1044 2842 1122 2910 patet
1138 2837 1298 2910 responsio,
1309 2835 1461 2910 quiaillud
1478 2852 1552 2907 opus
1564 2838 1629 2908 post
1643 2852 1759 2892 conver·

66 2920 203 2996 plasmavit
216 2926 372 2982 hominem
389 2928 424 2982 de
439 2927 508 2984 limo
528 2932 621 2998 terrra,
638 2933 666 2986 ot
680 2931 834 3004 inspiravit
848 2931 878 2988 in
933 2926 1045 2982 sionem
1054 2927 1117 2981 sine
1128 2925 1216 2998 culpo
1224 2925 1373 3000 repetitur,
1382 2925 1459 2998 quod
1469 2928 1535 2980 ante
1543 2923 1760 2982 conversionem

66 3011 152 3068 lariem
167 3015 230 3087 ejus
246 3015 432 3088 spiraculum
447 3016 522 3084 vilar,
538 3022 567 3074 et
583 3018 676 3076 sactus
691 3025 736 3076 est
746 3021 833 3076 homo
848 3020 878 3077 in
933 3016 1044 3088 absque
1059 3013 1144 3087 culpa
1159 3015 1355 3070 exercebatur·
1382 3013 1463 3078 0110d
1481 3012 1594 3068 futilius
1609 3013 1760 3085 ⁰08ss0801·

66 3100 176 3158 animam
192 3102 352 3170 viventem,
364 3102 448 3161 illum
464 3107 513 3178 qui
529 3106 620 3163 dixit:
634 3131 647 3158 ιι
664 3109 721 3183 Ego
738 3126 804 3165 suin
819 3109 875 3176 vin,
933 3120 1010 3170 mus,
1026 3104 1050 3159 sl
1065 3120 1132 3159 oum
1149 3103 1244 3159 ollicio
1260 3102 1335 3158 Petri
1352 3107 1381 3158 ct
1394 3101 1519 3159 Matthaei
1536 3099 1720 3176 evangelistes
1732 3105 1761 3158 et

65 3190 165 3258 veritas,
180 3198 208 3248 et
232 3193 296 3248 vita
321 3194 413 3264 (loon.
430 3196 497 3269 arv).
516 3219 529 3246 ιι
546 3197 579 3252 lli
600 3197 635 3253 de
651 3215 708 3270 quo
723 3197 850 3256 loannes
867 3233 873 3271 :
892 3173 913 3240 C
933 3191 1089 3265 coapostoli
1099 3209 1186 3265 opera
1194 3191 1387 3248 conteramus.
1398 3191 1470 3246 Nam
1482 3191 1657 3263 piscatorem
1669 3190 1760 3247 luisse
1839 3219 1844 3224 ·

66 3301 75 3324 ι
90 3279 134 3335 Hie
149 3287 192 3338 est
205 3299 297 3338 verus
312 3282 389 3339 Deus
404 3287 433 3339 et
446 3283 505 3339 vita
518 3289 625 3342 aeterna
641 3287 664 3359 (l
674 3287 753 3344 locri.
770 3288 807 3361 v).
828 3311 841 3338 ιι
932 3280 1061 3349 Petrum,
1079 3279 1247 3336 Matthaeum
1271 3297 1338 3335 vero
1362 3277 1537 3334 telonarium
1564 3278 1708 3334 novimus.
1727 3279 1760 3342 ut

95 3391 106 3418 ιι
121 3371 151 3424 Et
173 3388 262 3439 nunc,
296 3371 409 3438 iratres,
428 3373 488 3428 scio
516 3375 585 3446 quia
608 3392 659 3447 per
682 3377 877 3449 ignorantiam
932 3369 1050 3425 Petrum
1065 3369 1183 3444 quidem
1201 3374 1266 3442 post
1281 3367 1498 3425 conversionem
1515 3367 1550 3422 ad
1567 3366 1758 3442 piscationem

67 3479 77 3505 ιι
94 3457 201 3516 lesistis,
218 3482 232 3512 s
249 3459 283 3515 si
306 3459 383 3517 enim
408 3462 622 3534 cognovissent,
649 3465 690 3519 nit
712 3465 876 3537 Apostolus,
932 3459 1064 3526 rediisse,
1080 3457 1249 3514 ltlatthaeum
1267 3457 1304 3514 ad
1319 3457 1424 3513 telonei
1444 3455 1525 3512 lucra
1540 3456 1684 3512 resedisse
1700 3473 1758 3514 non
1796 3451 1798 3458 '

68 3567 78 3593 ιι
91 3563 231 3620 nunquam
264 3549 423 3606 Dominum
449 3549 547 3624 gloria
573 3551 795 3611 crucifixissent,
820 3577 833 3604 ιι
855 3556 879 3628 (i
930 3547 1057 3620 legimns
1075 3565 1081 3603 :
1104 3547 1173 3620 quia
1187 3546 1266 3602 aliud
1281 3551 1326 3604 est
1340 3547 1449 3601 victum
1464 3562 1532 3601 cum
1545 3544 1663 3618 justitia
1679 3562 1758 3618 qua·

66 3633 118 3689 Cor.
133 3639 172 3708 u.)
931 3654 994 3693 rere
1009 3636 1039 3692 in
1055 3637 1205 3710 piscando,
1222 3640 1250 3694 et
1264 3633 1344 3691 aliud
1365 3634 1514 3710 jurgando
1540 3633 1644 3690 telonei
1670 3633 1759 3692 lucris

94 3747 104 3769 ι
119 3723 189 3781 Deus
205 3731 308 3782 autern
325 3725 374 3800 qui
391 3727 598 3799 pronuntiavit
619 3746 669 3802 per
691 3747 723 3786 os
743 3731 875 3789 omnium
930 3725 1075 3782 insistere·

66 3831 76 3855 ι
90 3813 289 3885 prophetarum
306 3816 365 3888 poti
380 3815 529 3874 Christum
544 3817 783 3892 suum‚implevit
797 3821 849 3876 sic.
861 3844 875 3871 ιι
967 3838 980 3864 ιι
997 3816 1030 3870 m
1045 3815 1177 3872 exierunt
1199 3819 1227 3870 et
1250 3815 1445 3872 ascenderunt
1469 3815 1499 3869 in
1525 3829 1638 3881 navem,
1654 3818 1684 3870 et
1709 3813 1759 3870 illa

66 3896 124 3956 llinc
137 3902 233 3976 etipse
244 3903 393 3962 Dominus
403 3904 545 3978 Cleophae,
556 3907 651 3964 etalio
661 3907 804 3982 discipulo
814 3909 873 3965 sit:
929 3927 943 3954 ιι
961 3907 1044 3959 nocte
1060 3901 1132 3958 nihil
1148 3903 1367 3978 prendiderunt.
1384 3926 1401 3956 ιι
1417 3905 1499 3960 Sicut
1520 3903 1602 3960 nevis
1618 3903 1757 3960 sarculum

66 4009 74 4034 ι
88 3988 106 4044 0
119 3992 195 4048 siniti
209 3998 237 4050 et
253 3993 333 4049 tendi
349 3995 435 4050 eosne
451 3995 486 4050 nd
498 3996 726 4066 eredendum,in
737 3999 875 4056 omnibns
929 3992 1084 4065 significat,
1097 3993 1139 4048 sic
1155 4009 1210 4048 nox
1225 3991 1275 4048 illa
1291 4009 1343 4065 pro
1358 3991 1523 4065 ignorantia
1539 3991 1703 4064 ponitur‚ut
1714 3997 1757 4048 est

65 4090 115 4144 qua
128 4077 212 4137 locuti
228 4085 304 4138 sunt
314 4081 471 4155 propheto,
483 4101 579 4140 nonne
595 4083 654 4140 haec
670 4087 799 4158 oportuit
815 4087 875 4160 pati
928 4079 1019 4136 illud?
1038 4103 1052 4130 «
1069 4082 1130 4136 ΝΟΧ
1146 4081 1302 4154 Ρΐῑθῡθὸθῑῑι
1320 4081 1383 4137 dits
1398 4086 1497 4136 &Diem
1514 4079 1758 4160 appropinquavit

65 4161 202 4236 Christum,
219 4176 248 4228 et
264 4171 308 4226 ita
322 4171 430 4231 intrare
447 4172 476 4228 in
492 4169 616 4246 gloriam
633 4175 740 4230 stram‘l
756 4177 790 4232 m
805 4175 874 4233 inci·
927 4171 1013 4238 (dom.
1029 4172 1101 4237 ιιιιι).
1120 4191 1134 4220 ιι
1149 4169 1257 4225 Omnes
1281 4169 1358 4225 onim
1375 4173 1442 4224 ante
1458 4169 1615 4223 adventum
1640 4167 1755 4222 Domini

65 4252 257 4332 piensaMoysc
269 4263 299 4316 ct
309 4259 447 4315 omnibus
458 4261 618 4333 prophetIs,
629 4262 874 4337 interpretabatur
927 4261 1070 4332 quotquot
1084 4257 1289 4313 laboraverunt
1302 4257 1386 4329 quasi
1401 4257 1431 4311 in
1442 4260 1525 4311 nocte
1538 4255 1754 4321 laboraverunt,

64 4337 109 4398 illis
123 4344 149 4400 in
165 4348 306 4404 omnibus
321 4347 480 4420 Scripturis
496 4365 559 4422 qua
574 4351 610 4406 de
623 4349 687 4422 ipso
702 4359 786 4409 crant
797 4355 872 4427 (Luc.
927 4346 996 4419 quia
1006 4363 1087 4419 spem
1101 4343 1271 4418 resurgendi
1283 4344 1325 4401 vel
1336 4345 1425 4400 vitam
1437 4349 1573 4400 aternam
1586 4342 1755 4415 possidendi

64 4432 134 4504 ιιιι).
151 4458 163 4484 ιι
178 4435 207 4492 si
223 4435 306 4493 enim
323 4435 435 4510 Moyses
450 4441 478 4492 ct
502 4454 603 4494 omncs
625 4439 771 4513 propbeta
788 4441 871 4497 Chri·
926 4435 1051 4508 perfecte
1067 4435 1173 4491 hahere
1190 4451 1247 4490 non
1271 4437 1415 4515 poterant,
1432 4432 1508 4488 sicut
1532 4432 1618 4488 modo
1635 4431 1752 4486 habent.

66 4521 128 4575 stum
143 4521 228 4580 locuti
244 4527 326 4592 sunt,
340 4529 369 4580 et
384 4525 461 4580 hunc
477 4542 529 4600 per
544 4527 710 4602 angustiam
726 4530 874 4602 passionis
890 4541 911 4605 Ι)
928 4527 1001 4581 Tota
1017 4541 1085 4598 ergo
1097 4529 1180 4594 nocte
1192 4521 1264 4580 nihil
1278 4522 1497 4596 prendiderunt,
1510 4521 1580 4594 quia
1589 4519 1646 4576 nisi
1655 4519 1753 4576 Domi-

66 4603 87 4658 in
99 4607 211 4680 gloriam
223 4631 310 4669 suam
321 4611 698 4688 intraturum,quarationc
709 4634 739 4673 se
749 4617 874 4690 glorian·
928 4631 983 4671 nus
999 4631 1053 4669 sua
1067 4612 1160 4688 gratia
1176 4630 1225 4668 cor
1245 4611 1436 4670 illustraverit
1455 4609 1606 4678 auditoris,
1623 4610 1708 4682 quasi
1724 4610 1752 4664 in

66 4695 102 4747 tur
114 4712 171 4754 esse
185 4701 379 4770 Christianos,
391 4703 441 4774 qui
452 4702 538 4775 juxta
551 4703 658 4760 virium
675 4723 795 4761 suarum
812 4725 873 4762 mo·
929 4707 1011 4760 nocte
1027 4703 1139 4760 laborat
1155 4718 1250 4758 sermo
1270 4702 1408 4766 doctoris,
1435 4703 1507 4756 teste
1532 4698 1688 4754 Psalmista
1704 4697 1753 4770 qtvi

65 4779 148 4840 lulum
165 4805 258 4862 neque
274 4788 440 4863 Scripturas
454 4790 579 4864 qrtalitcr
593 4793 629 4848 ad
646 4793 794 4852 Christum
808 4811 873 4868 per·
928 4793 968 4848 ait
980 4809 986 4848 :
1000 4816 1013 4843 ιι
1025 4792 1086 4848 Nisi
1102 4791 1244 4847 Dominus
1261 4790 1446 4846 aedificaverit
1460 4789 1593 4853 domum,
1604 4787 1632 4840 in
1645 4802 1753 4842 vanum

66 4867 159 4928 liceant
171 4875 358 4951 investigare,
376 4895 470 4951 neque
486 4879 522 4934 ad
549 4878 684 4953 gloriam,
700 4899 789 4954 quam
805 4900 872 4939 cum
927 4880 1061 4938 laborant
1077 4881 1127 4954 qui
1142 4880 1287 4937 edificant
1302 4897 1365 4935 eam
1382 4875 1752 4950 (protopincernam

65 4955 159 5018 Christo
169 4962 276 5022 hahere
285 4965 418 5038 cupiunt,
429 4968 640 5040 perpessiones
650 4969 872 5030 tribulationum
926 4975 955 5026 et
970 4972 1104 5040 doctores
1118 4975 1195 5026 recte
1210 4969 1323 5036 docere,
1335 4973 1363 5024 et
1374 4966 1522 5023 auditores
1537 4965 1624 5038 digne
1638 4962 1755 5021 valcant

66 5043 213 5108 desiderant
227 5054 391 5128 attingere?
926 5059 1038 5130 audire,
1054 5059 1134 5116 illius
1159 5057 1316 5133 flagitanda
1340 5061 1385 5112 est
1408 5053 1620 5121 misericordia,
1636 5054 1672 5110 do
1695 5071 1753 5127 quo

926 5149 1087 5204 subditur:

311 5196 460 5253 ΗΟΜῙΗΑ
486 5197 603 5254 LXXVI·
962 5260 975 5287 ιι
993 5237 1078 5292 Mane
1093 5239 1191 5292 autom
1205 5235 1267 5307 jam
1293 5234 1378 5300 lacto,
1395 5233 1476 5290 stetit
1490 5233 1577 5290 Jcsus
1592 5233 1621 5287 in
1638 5231 1751 5302 littore;

277 5302 358 5342 ΡΜ
377 5302 489 5349 ‘imm
510 5301 636 5344 ΜΗ·
926 5349 940 5376 ιι
956 5343 1011 5382 non
1030 5329 1126 5380 tamen
1142 5327 1339 5397 cognoverunt
1352 5321 1488 5397 discipuli
1500 5323 1568 5395 quia
1578 5322 1663 5379 Jesus
1675 5325 1728 5378 est.
1736 5345 1750 5373 ιι

94 5401 175 5464 (loon.
186 5411 254 5477 surr).
270 5431 282 5457 «
293 5410 324 5465 ln
341 5409 390 5466 illo
405 5415 535 5484 tempore
546 5430 553 5468 ε
565 5413 759 5470 Manifestavit
776 5432 806 5472 se
818 5417 869 5472 lte·
925 5413 978 5469 Ubi
1001 5415 1074 5468 forto
1097 5419 1193 5469 movct
1209 5412 1348 5487 aliquem,
1364 5429 1454 5486 quara
1467 5411 1610 5468 Dominus
1625 5416 1692 5484 post
1707 5427 1751 5468 rc-

67 5506 77 5530 «
88 5492 278 5553 rumlesusad
292 5515 370 5554 mare
381 5499 553 5557 Tiberiadis.
564 5500 868 5561 tlanilostavitautem
923 5502 1133 5560 surrectionem
1150 5502 1179 5557 in
1195 5501 1290 5558 littore
1310 5503 1399 5571 stetit,
1416 5519 1484 5560 cum
1501 5506 1568 5558 ante
1583 5499 1750 5574 passionem

68 5594 78 5618 ι
91 5575 125 5632 sic
140 5597 147 5635 :
163 5583 248 5642 llrant
272 5587 359 5644 simul
381 5589 481 5646 Simon
505 5589 606 5647 Petrus
622 5595 649 5648 et
664 5591 801 5661 Thomas,
818 5592 868 5666 qui
924 5609 981 5648 noo
992 5589 1087 5648 solum
1099 5607 1195 5648 coram
1207 5591 1362 5666 discipulis
1372 5609 1461 5666 super
1471 5592 1579 5649 lluotus
1590 5588 1680 5645 maris
1691 5603 1750 5644 am·
