4034 6180
164 341 242 406 lost
626 345 677 408 llll
697 343 791 408 vm
812 347 863 410 lte
884 345 1095 413 llllilltlUblS
1117 345 1148 410 S.
1172 347 1409 412 wlbbllflem.
1793 346 1872 414 {822

162 479 226 536 crat
240 475 326 554 panis
341 475 453 548 etmel,
468 475 548 536 olera
561 481 590 536 et
603 495 700 552 poma.
719 479 851 556 Namque
876 481 913 540 ab
937 499 989 541 eeu
1004 483 1031 551 Α
1046 499 1113 540 rum
1128 485 1227 556 pateat
1240 483 1389 544 morsibus
1400 481 1598 554 devorandum
1609 483 1670 543 noli
1680 501 1734 544 nce
1743 483 1871 544 humiles

162 567 308 637 carnium,
326 583 343 623 a
356 565 430 624 lacte
444 571 474 624 et
488 568 619 641 piscibus
633 573 828 643 temperabat:
844 571 901 629 nisi
914 573 992 646 quod
1046 570 1202 630 clientulos
1217 575 1273 628 tua
1288 572 1454 630 sanctitatis
1469 573 1642 632 defraudare
1655 575 1818 648 prasentia,
1835 591 1873 632 nc

162 656 991 734 memoratusapostolicusAdrianuscijaminnovissimo
1046 661 1207 728 videamur,
1224 661 1301 719 sicut
1315 679 1382 719 oves
1396 679 1454 718 non
1470 661 1612 720 babentes
1623 670 1779 736 pastorem,
1795 681 1872 722 erra·

162 749 283 820 propter
297 744 487 816 valitudines,
502 763 576 820 quas
592 746 623 803 in
647 764 767 823 corpore
779 749 921 807 tolerabat
937 752 992 809 lra-
1047 749 1138 806 bundi
1152 749 1261 825 vagari.
1277 750 1329 807 Cui
1345 751 1447 808 beatus
1471 751 1515 808 vir
1534 751 1563 806 in
1594 751 1656 808 hac
1680 758 1872 826 compunctus

163 837 298 908 quantes,
323 850 381 908 quo
406 835 517 908 piscem
541 836 705 894 comederet
729 839 882 913 pracepit:
907 842 993 912 cujus
1047 838 1874 913 verberespondit:Noli,filimi‚meal)ominimeldin-

164 923 993 1002 auctoritetiipseobtemperans,paululumindulgentius
1046 927 1106 984 tius
1121 945 1240 986 avocare
1253 933 1423 1002 conspectu,
1439 927 1497 986 noli
1514 929 1588 986 mibi
1603 929 1775 1002 temporalis
1787 929 1873 986 mole-

162 1012 194 1070 in
204 1013 260 1070 hac
270 1017 353 1086 parte
373 1028 459 1086 egere
479 1013 574 1086 carpit.
586 1015 727 1072 Praterea
741 1015 841 1074 nullus
857 1017 916 1074 lore
931 1016 993 1076 dies
1047 1015 1133 1074 etiam
1149 1017 1214 1073 vitas
1229 1017 1405 1090 questuosis
1419 1017 1589 1091 depromere
1602 1018 1740 1074 vocibus:
1758 1033 1811 1074 nec
1826 1017 1873 1075 bic

160 1101 358 1176 transiitque
367 1118 426 1160 non
437 1119 521 1159 soora
530 1103 689 1160 missarum
701 1104 845 1162 solemnia
856 1123 924 1164 cum
934 1123 995 1164 ma·
1047 1103 1164 1178 longius
1174 1104 1268 1162 vivere
1279 1109 1394 1179 appeto,
1406 1121 1458 1162 nee
1469 1104 1543 1162 mori
1556 1105 1744 1180 pertimesco;
1756 1109 1873 1164 tantum

162 1209 222 1267 gno
237 1192 307 1248 tletu
324 1209 358 1248 ac
372 1191 547 1249 contritione
562 1192 659 1250 cerdis
675 1193 843 1254 celebraret.
861 1197 993 1256 Intentus
1046 1193 1140 1250 Deum
1163 1209 1273 1263 meum,
1291 1209 1378 1266 quem
1393 1195 1557 1252 totocorde
1572 1193 1799 1268 semperdilexi,
1825 1196 1874 1252 eui
1905 1229 1907 1235 ι

165 1286 228 1339 eret
238 1281 351 1354 jugiter
374 1279 493 1338 lectioni
508 1286 595 1356 atque
610 1282 792 1341 meditationi
818 1290 925 1343 sancta
941 1288 992 1345 do·
1047 1284 1109 1339 teta
1123 1281 1283 1339 intentione
1307 1283 1422 1352 servivi,
1438 1283 1549 1357 precari
1566 1283 1640 1352 volo,
1662 1287 1695 1340 ut
1709 1284 1872 1341 mercedem

163 1368 275 1439 ctrina,
292 1369 462 1442 psalmodia
477 1387 594 1444 quoque
604 1371 992 1445 peritaretudioeissimein-
1046 1370 1129 1428 bona
1153 1371 1409 1440 remunerationis,
1425 1372 1542 1446 qualem
1558 1372 1613 1446 ipsi
1630 1371 1782 1446 placuerit,
1798 1371 1873 1430 mibi

163 1457 348 1533 vigilans,ita
362 1463 478 1533 utpenc
493 1459 622 1534 quotidie
633 1459 816 1535 psalterium,
832 1463 993 1538 aliquando
1046 1476 1099 1533 pro
1117 1459 1268 1518 laboribus
1283 1461 1357 1518 meis
1372 1461 1501 1520 clamans
1525 1479 1559 1518 ac
1573 1461 1717 1536 propitius
1740 1462 1872 1519 conterre

161 1547 251 1605 etiarn
267 1548 326 1605 duo
339 1548 384 1605 vel
399 1547 457 1605 tria
471 1549 649 1607 decantaret.
671 1550 721 1608 llis
746 1551 847 1626 itaque
873 1557 902 1611 et
925 1553 991 1612 aliis
1046 1547 1192 1623 dignetur·
1208 1549 1394 1622 Ovefissulffln
1410 1549 1872 1625 (1118θωὶἣὶοΓθᾶίᾶὶῒ,ῑΡΒὶῑ11θῐῑ·

162 1637 991 1717 bonorumo‘perumexercitiisvirDeieutlullus‚megnam
1046 1638 1099 1694 das
1114 1640 1285 1696 committo:
1303 1641 1372 1720 quia
1387 1644 1416 1698 et
1432 1640 1504 1713 ipse,
1521 1641 1546 1698 ei
1557 1640 1629 1712 quid
1639 1640 1813 1698 bonilacsre
1823 1656 1872 1713 pc·

162 1725 279 1800 populis
290 1725 320 1782 in
333 1727 444 1784 suimet
451 1727 644 1786 ostentatione
654 1729 779 1802 gratiam
789 1731 906 1788 Domini
919 1750 991 1806 pra·
1044 1727 1098 1798 tui,
1110 1726 1190 1784 illius
1206 1729 1304 1802 potius
1318 1727 1424 1787 virtute
1439 1730 1548 1803 peregi.
1565 1729 1628 1786 Non
1644 1728 1872 1804 deeritejuacle·

161 1815 321 1873 tendebat:
338 1816 438 1889 sicque
453 1815 585 1874 doctrina
600 1817 665 1890 ejus
680 1816 789 1893 duplici
801 1820 991 1894 praefulgebat
1045 1815 1165 1885 mentia,
1182 1818 1267 1889 euJ’ua
1282 1817 1484 1875 misericordia
1497 1817 1594 1875 omnia
1609 1817 1697 1891 plena
1720 1821 1765 1876 est
1779 1821 1869 1876 tarra.

162 1903 293 1974 oraculo,
317 1905 389 1961 dum
418 1905 495 1978 quod
524 1905 702 1979 predicabat
721 1925 781 1978 ora,
797 1910 990 1967 confirmabat
1045 1904 1869 1981 PiaergodavotionevirDominiooelosemperintantus,

165 1992 309 2068 exemplo.
319 1993 507 2052 Pertransivit
522 1995 621 2069 itaque
637 1995 666 2052 in
682 1996 804 2055 circuitu
817 2015 876 2055 sum
889 1999 990 2056 dioeca-
1044 1997 1073 2051 et
1087 1993 1226 2052 orationis
1242 2012 1302 2051 aua
1318 1995 1354 2052 ad
1370 1994 1463 2052 ileum
1476 1995 1589 2070 jugiter
1602 2000 1668 2052 vota
1678 1996 1869 2069 premittens,

164 2082 208 2138 sis
219 2081 779 2160 virislabealus,conllrmanspopulum
790 2086 988 2144 Christianum
1044 2086 1126 2139 sexto
1142 2083 1211 2140 ldus
1234 2083 1417 2152 Novembris,
1433 2085 1480 2141 die
1498 2083 1647 2140 Dominico
1658 2084 1702 2157 (e),
1718 2087 1784 2156 post
1799 2082 1871 2142 aclis

163 2169 213 2243 qui
231 2169 301 2226 olim
316 2171 481 2245 baptizatus
495 2173 599 2244 luerat,
616 2177 645 2229 et
665 2173 879 2248 predicationis
902 2177 989 2234 verbo
1044 2176 1152 2239 ortum,
1168 2172 1319 2230 consessor
1341 2173 1455 2229 Domini
1485 2173 1631 2246 pretiosus
1660 2171 1810 2230 inebriati
1826 2189 1871 2228 re·

164 2259 326 2317 multorum
335 2261 371 2317 ad
382 2259 457 2317 mam
466 2260 570 2318 salutis
581 2263 742 2320 errantium
753 2265 842 2321 corda
852 2281 991 2338 compun·
1044 2261 1154 2334 quievit
1168 2262 1295 2318 nomine.
1312 2263 1401 2334 Cujus
1421 2261 1457 2318 ed
1473 2260 1627 2334 exsequias
1641 2261 1726 2333 plebs
1740 2261 1870 2334 undique

163 2366 245 2423 gena.
259 2348 419 2406 AEditlcavit
436 2367 552 2425 quoque
567 2352 687 2408 domum
700 2351 751 2408 Dei
763 2353 844 2410 mira
860 2353 989 2426 pulchri·
1044 2351 1146 2408 devota
1161 2367 1326 2418 accurrens,
1338 2355 1450 2424 patrem
1462 2368 1494 2408 ac
1506 2351 1652 2408 doctorem
1664 2349 1870 2409 beatissimum

162 2437 276 2494 tudinis
292 2438 322 2494 in
333 2437 397 2496 loco
407 2437 458 2512 qni
468 2437 576 2495 dicitur
588 2440 702 2506 Brema,
714 2441 764 2496 ubi
777 2444 914 2499 eteoclem
924 2459 990 2501 csse
1044 2456 1112 2495 cum
1125 2439 1265 2496 laudibus
1280 2444 1309 2495 et
1323 2438 1440 2513 hymnis
1456 2440 1492 2496 ad
1508 2439 1608 2496 sedam
1628 2438 1776 2496 devehunt
1798 2439 1870 2496 Bre-

163 2526 317 2584 aonstituit
340 2526 547 2602 episcopalem,
564 2544 597 2584 ac
613 2529 758 2586 dedicavit
772 2547 835 2588 eam
850 2530 989 2590 Kalendis
1043 2545 1193 2585 mansam:
1210 2527 1310 2601 ibique
1320 2529 1387 2586 eum
1400 2530 1428 2584 in
1441 2527 1564 2584 basilica
1575 2527 1697 2601 nova(d)
1707 2544 1796 2601 quam
1806 2527 1870 2601 ipae

164 2616 347 2686 Novembris,
357 2616 450 2689 die(a)
461 2616 622 2684 Dominico,
632 2617 810 2678 inhonoram
817 2620 989 2679 Dominino·
1043 2617 1316 2686 edificaverat,oum
1327 2617 1437 2675 bonore
1451 2621 1480 2673 at
1494 2617 1656 2674 reverentia
1666 2616 1812 2691 condigna
1826 2633 1870 2674 se

163 2704 216 2760 etri
231 2705 302 2762 lesu
312 2703 432 2778 Christi,
447 2707 504 2763 sub
518 2705 701 2766 invocatione
716 2708 810 2766 sancti
825 2709 902 2766 Patri
919 2726 987 2783 apo·
1042 2705 1166 2779 pultura
1180 2704 1374 2762 tradiderunt.

162 2791 241 2851 stoli.
1362 2812 1542 2871 canonio.

492 2901 608 2960 CAPUT
621 2903 655 2959 Χ·
1042 2919 1176 2976 lliracalo
1198 2920 1273 2976 circe
1295 2935 1358 2976 eum
1381 2924 1575 2992 postmortem
1598 2918 1666 2992 ejas,
1693 2923 1751 2976 tam
1765 2919 1796 2976 in
1818 2935 1869 2976 seu

164 3009 299 3080 Quam
314 3011 343 3065 in
360 3011 472 3067 mmm
496 3011 533 3084 (a)
548 3011 724 3082 mmm,
745 3019 771 3069 ει
793 3021 916 3071 monn„
938 3017 987 3084 „g
1111 3007 1193 3065 quam
1209 2992 1297 3048 altera
1310 2994 1341 3049 in
1355 3007 1438 3064 quum
1450 2993 1601 3050 translatus
1614 2995 1656 3048 est
1670 2991 1795 3048 basilico.

393 3083 501 3155 &m
514 3091 606 3139 “ilem
625 3083 755 3156 ceperum,
1077 3099 1110 3151 in
1126 3112 1183 3169 quo
1198 3094 1261 3153 loco
1271 3095 1411 3164 multiset
1421 3096 1605 3154 evidentibus
1613 3113 1741 3172 persepe
1749 3097 1869 3154 demon·

197 3188 413 3245 Posthacvaro
423 3204 491 3245 aum
502 3188 839 3264 studiopiaintentionis
850 3196 986 3250 cunctam
1043 3189 1170 3243 stratum
1186 3188 1230 3243 est
1245 3185 1338 3260 signis
1353 3184 1431 3259 qnod
1449 3185 1541 3244 isdem
1552 3186 1656 3243 beatus
1671 3185 1716 3244 vir
1729 3203 1796 3244 vara
1810 3187 1867 3244 Do-

161 3275 192 3334 in
209 3275 332 3334 circuilu
355 3276 545 3352 perlustraret
559 3277 738 3352 parochiam,
761 3296 794 3336 ac
824 3281 931 3339 doeens
954 3300 989 3340 aa
1044 3273 1165 3332 minisit
1181 3274 1265 3331 miles
1276 3275 1405 3332 alectus:
1422 3291 1486 3348 qua
1500 3279 1598 3332 tamen
1609 3274 1724 3332 incuria
1737 3278 1766 3333 et
1776 3273 1868 3350 negli-

160 3382 226 3439 qua
237 3364 368 3424 Daisnnt
383 3365 526 3441 plurimos
544 3366 575 3423 in
590 3367 647 3425 fida
662 3369 870 3440 corroboraret,
887 3387 987 3446 parve.
1041 3363 1140 3438 gentia
1151 3363 1356 3437 praetermissa,
1367 3368 1504 3422 nunaunt
1514 3351 1867 3438 alicubidascripta:licet
1983 3431 1988 3452 τ

160 3454 207 3510 nit
218 3454 255 3510 ad
270 3453 365 3512 locum
376 3455 426 3529 qui
437 3455 760 3525 diciturl’leccctesbem,
779 3457 879 3533 ibique
894 3461 988 3518 consi·
1041 3469 1099 3510 non
1110 3452 1195 3526 pauci
1210 3453 1383 3538 exstiterunt
1398 3453 1447 3526 qui
1465 3469 1496 3510 se
1511 3453 1603 3510 scissa
1618 3454 1779 3510 letarentur
1792 3453 1865 3511 divi·

159 3545 254 3612 stans,
270 3543 350 3616 gravi
370 3543 457 3617 coepit
479 3544 610 3618 corporis
625 3545 704 3602 lebre
718 3546 824 3617 vereri,
841 3551 870 3604 et
883 3549 919 3606 de
940 3549 987 3608 die
1040 3560 1108 3599 nam
1119 3542 1149 3599 in
1160 3540 1864 3617 eodemlocosapius,apparuisssevirtulem.8ed

159 3629 189 3687 in
206 3630 284 3686 diam
299 3631 422 3705 languor
437 3633 585 3689 crescebat
598 3633 790 3703 fortissimus,
806 3634 848 3692 ita
865 3641 899 3693 ut
918 3654 985 3694 cum
1040 3621 1586 3705 etinalteramposteatrenslatusipsc
1596 3631 1867 3706 basilicam(e)tem·

160 3735 194 3776 sc
209 3718 296 3791 positi
318 3718 454 3794 discipuli
476 3720 556 3778 illius
572 3721 607 3778 da
622 3721 680 3778 vita
694 3724 759 3794 ejus
774 3722 911 3782 ulteriore
921 3726 986 3799 jam
1041 3721 1162 3794 poribus
1177 3721 1357 3779 successoris
1368 3721 1461 3795 ipsius
1472 3721 1555 3779 bona
1571 3719 1717 3778 memoria
1727 3719 1867 3778 Willarioi

161 3808 315 3881 desperare
330 3809 495 3883 coepissent.
512 3813 641 3877 Quorum
658 3827 745 3878 unus,
762 3813 813 3884 qui
826 3813 910 3872 beato
925 3816 986 3873 viro
1040 3810 1179 3884 episcopi,
1196 3827 1264 3867 cum
1289 3809 1361 3866 inibi
1378 3809 1554 3884 quamplura
1568 3810 1656 3868 eiiam
1671 3825 1723 3883 par
1737 3809 1867 3868 divinam

158 3895 235 3955 torte
247 3895 421 3954 familiarius
430 3897 509 3972 loqui
518 3898 641 3968 solebat,
653 3899 772 3957 nomine
781 3901 988 3976 ligisrikifflri-
1040 3899 1155 3956 dicetur
1168 3904 1307 3974 operatus
1322 3900 1495 3972 potentiam,
1512 3917 1571 3958 non
1584 3902 1654 3957 flunt
1668 3900 1704 3956 fib
1717 3899 1815 3972 ⁸¹1th
1827 3915 1869 3957 re

158 3986 244 4058 lippo,
255 3985 392 4060 ilgisrikl,
402 3987 543 4044 accedens
553 3988 589 4044 ad
601 4005 679 4058 eum,
691 3989 775 4062 quasi
786 3990 822 4048 da
830 3991 910 4048 obitu
921 3993 986 4065 ejus
1039 3987 1158 4044 condita
1166 3988 1392 4060 memoriaque
1402 3986 1561 4044 multorum
1573 3987 1795 4044 assertioveraci
1807 4005 1868 4061 pro·

157 4073 353 4147 trepidatione
377 4080 549 4144 metuerent,
567 4077 592 4134 ei
608 4077 837 4151 lacrymabiliter
850 4097 884 4137 ac
907 4097 984 4154 quea-
1039 4077 1089 4133 bat
1104 4073 1224 4148 impleto
1239 4075 1390 4131 miracula.
1404 4075 1468 4131 Non
1484 4079 1641 4132 esttamen
1656 4073 1865 4131 occultandum

158 4166 261 4220 stuosc
276 4163 421 4234 innotuit3
438 4164 586 4224 intentans
601 4167 690 4222 etiem
706 4167 799 4240 plebis
820 4169 985 4226 commissa
1039 4163 1166 4232 silentio,
1184 4163 1261 4235 quod
1276 4163 1312 4230 ad
1328 4161 1452 4236 gloriam
1467 4161 1544 4219 beati
1558 4159 1613 4218 viri
1628 4160 1770 4218 divinitus
1784 4167 1866 4233 pate·

159 4251 380 4309 destitutionem
396 4254 555 4310 admodum
572 4254 778 4329 periculosam,
794 4274 857 4329 qua
868 4259 923 4314 sub
934 4275 985 4332 pa·
1040 4252 1160 4319 lectum,
1175 4251 1318 4308 hactenus
1334 4251 1365 4308 in
1382 4249 1532 4308 Bremensi
1547 4253 1750 4307 conservatum
1765 4253 1866 4306 manet

157 4338 248 4397 storia
264 4340 406 4415 regimine
427 4346 499 4400 tuna
514 4343 632 4400 tandem
647 4343 744 4401 divirm
767 4344 860 4401 cultui
884 4363 985 4419 perere
1039 4340 1169 4398 ecclesia.
1186 4341 1214 4397 ai
1230 4338 1349 4413 quidem
1364 4338 1487 4396 baculus
1501 4337 1630 4396 hominis
1650 4339 1755 4408 sancti,
1776 4355 1863 4412 quem

155 4428 343 4486 videbantur.
354 4428 429 4499 Noli,
447 4431 554 4504 inquit,
571 4433 736 4488 venerande
752 4433 898 4502 sacerdos,
910 4451 985 4508 quos
1039 4428 1196 4503 episcopali
1211 4444 1291 4486 more
1307 4427 1369 4500 ipse
1384 4431 1498 4502 gestare
1513 4429 1713 4495 consueverat,
1730 4432 1797 4499 POSl
1810 4427 1863 4482 Ob·

156 4523 252 4591 nupe'r
275 4518 400 4576 Domino
415 4519 579 4592 acquisisti,
596 4524 657 4576 tam
674 4520 730 4577 cito
754 4521 904 4592 deserere3
924 4523 984 4582 noli
1038 4518 1112 4576 itum
1128 4521 1193 4591 ejus
1204 4517 1334 4574 lldelium
1346 4515 1497 4574 devotione
1509 4515 1538 4572 in
1550 4516 1678 4589 quadam
1692 4514 1864 4571 lueratarca

148 4606 299 4680 'populum
314 4607 358 4664 vel
369 4607 843 4684 clerumtuostudioaggregatum
852 4615 912 4668 tam
925 4628 985 4668 me·
1000 4590 1022 4656 D
1038 4605 1435 4682 repositua.Contigitautem
1445 4603 1615 4672 domurn,in
1627 4603 1862 4678 quahaceadem

154 4699 220 4752 ture
231 4693 407 4770 relinquere,
419 4715 456 4754 ne
466 4713 536 4772 grex
550 4697 647 4755 adbuc
659 4697 690 4754 in
698 4697 755 4756 ilde
762 4699 887 4757 tenellus
897 4700 983 4774 lupo·
1038 4714 1104 4755 arca
1118 4697 1252 4770 degebat,
1269 4695 1422 4753 subitaneo
1441 4692 1723 4770 llagrareincendio,
1740 4696 1768 4750 at
1793 4707 1862 4749 oum

190 4853 230 4928 (a)
244 4856 329 4914 Anno
337 4855 461 4930 proinde
469 4857 597 4931 789,{qui
605 4857 985 4936 littoraDominiceliDpra-
1037 4863 1111 4928 tum,
1127 4858 1157 4914 in
1174 4857 1296 4916 basilios
1309 4857 1340 4913 S.
1355 4855 1432 4915 Petri
1449 4872 1537 4930 qnam
1553 4855 1616 4930 ipse
1636 4852 1799 4936 edificavit,
1816 4866 1861 4910 ee·

151 4924 234 4984 ditue
248 4931 322 4984 erat.
1059 4931 1156 4988 ultum
1167 4934 1223 4986 est.
1239 4930 1271 4986 ln
1286 4927 1429 4986 Chronico
1444 4927 1586 4985 Saronico
1597 4942 1661 4983 eam
1670 4924 1823 4982 ecclesiam
1833 4942 1861 4982 vr

188 4997 229 5070 (ὁ)
239 4997 272 5055 ln
283 5001 363 5058 textu
373 4999 565 5058 amasiam.
577 5000 689 5058 Adamc
698 5001 983 5062 invilloPleccamem
1037 4948 1860 5078 fdusllovembria,diaDominicodedicassememoratur.

151 5070 282 5142 quasia
307 5079 346 5128 eet
369 5073 401 5128 ic
423 5073 540 5130 Rmtrb.
561 5072 666 5129 Surius
694 5073 786 5129 edidit
813 5074 982 5160 Btecteasee,
1074 5066 1859 5146 (efflucspectantrldamihauverbaexlrb.1,eep.lii:

151 5156 233 5197 nuno
242 5139 307 5198 loco
320 5139 409 5200 haret
420 5159 526 5201 nomen
540 5144 663 5201 Placere.
672 5141 707 5202 lit
716 5146 761 5202 eet
771 5143 812 5201 ibi
823 5145 852 5201 in
863 5145 982 5221 Visurgr
1037 5168 1051 5196 a
1062 5144 1218 5202 Villericus
1228 5141 1500 5200 treeBremaarcxit
1509 5140 1791 5212 ecclesias,quarum
1805 5142 1862 5214 pri·

150 5210 230 5270 inira
242 5213 380 5272 mamam
396 5217 426 5272 et
436 5230 544 5274 novum
555 5231 657 5272 eorum
668 5218 787 5298 portum
796 5217 929 5288 Feqesaolc
940 5236 982 5276 se·
1037 5232 1127 5284 mam,
1152 5214 1264 5272 scilicet
1281 5215 1445 5271 domums.
1462 5212 1548 5282 Petri,
1565 5213 1601 5268 de
1615 5210 1696 5285 ligno
1714 5211 1860 5294 lapideam

149 5297 223 5340 cure
237 5284 356 5342 navium
372 5285 471 5355 statio,
488 5285 586 5358 inquit
600 5285 677 5344 Phili
699 5304 756 5361 pus
771 5287 876 5345 Ceasar.
1035 5287 1111 5356 lecit,
1128 5291 1157 5343 et
1170 5302 1277 5359 corpus
1295 5287 1324 5342 S.
1340 5284 1484 5342 Villebedi
1507 5283 1611 5341 exinde
1625 5283 1812 5352 translatum,
1830 5301 1859 5340 rn

184 5355 222 5426 (c)
232 5356 317 5412 Anno
331 5357 434 5414 eodem
442 5357 507 5425 789,
515 5361 656 5432 postocto
669 5304 732 5415 rias
742 5373 831 5431 quam
845 5360 981 5417 Bremen·
1034 5357 1167 5416 orientali
1183 5357 1261 5430 quod
1277 5355 1346 5413 iecit
1356 5357 1482 5439 orato-rio
1494 5355 1665 5439 recondidit.
1677 5355 1859 5436 Narrautque
1883 5413 1890 5422 ,

148 5441 213 5483 sem
229 5426 384 5485 ecclesiam
399 5428 592 5496 dedicaverat,
604 5445 695 5502 supra
706 5446 769 5502 cap.
781 5431 808 5486 9.
820 5430 981 5488 Conleroa·
1034 5429 1142 5504 posteri
1158 5429 1214 5485 hoc
1228 5429 1337 5511 lactum
1353 5445 1404 5501 pro
1420 5431 1524 5484 timore
1538 5432 1712 5510 piratarum,
1729 5443 1779 5508 qur
1794 5441 1859 5495 pro·

169 5501 203 5554 ut
220 5499 233 5553 l
250 5497 320 5556 libri
330 5498 367 5556 dc
377 5497 537 5559 ltliraculia.
549 5501 692 5558 Ettamen
707 5499 738 5556 in
751 5517 806 5558 ms.
818 5501 979 5561 Charonico
1034 5501 1240 5576 ptervirtutem
1252 5499 1459 5555 miraculorum
1469 5500 1743 5556 conl'essorrsnoslrr
1752 5511 1857 5566 corpus

147 5513 292 5628 {morico
307 5571 373 5644 ejus
387 5572 485 5629 obitus
503 5571 654 5701 reponitur
667 5589 744 5629 anno
757 5573 822 5629 790.
1033 5573 1146 5630 auterre
1161 5571 1338 5654 maluerunt.
1348 5593 1370 5652 ¹a
1391 5569 1543 5628 Unwanue
1558 5568 1794 5694 archiepiaeogus
1808 5579 1856 5619 ea·

183 5641 222 5718 (d)
235 5641 347 5717 Corpus
357 5641 432 5716 ejus,
443 5643 526 5722 inqui
550 5644 978 5720 Adamas,Bramamdeporta·
1033 5644 1138 5720 pellam
1155 5643 1184 5701 S.
1200 5640 1355 5716 willebadr
1370 5642 1556 5702 combustam
1571 5655 1722 5716 reparasse
1757 5638 1854 5693 scitur.
