3872 6168
169 361 224 422 ani
449 361 652 423 rumoris
675 358 942 421 rriceuusrm.
966 355 1088 418 irriso.
1112 355 1198 418 mr.
1216 353 1321 426 ¹nans
1344 356 1382 419 u.
1399 393 1437 402 -
1453 319 1597 420 notun¹
1780 361 1827 422 cce
1850 365 1852 368 ·

170 495 337 558 ostendeus,
365 495 405 547 nit
429 493 581 566 discipulis
607 494 723 548 diceus:
750 517 762 540 c
783 494 839 547 l‘an
863 491 954 550 ruitis,
978 490 1339 556 1·,tintricat-,stillam
1358 487 1829 555 sarmaticumornantia-r,tactum

170 583 244 648 Quia
258 583 344 656 (sicut
354 582 510 656 Apostolus
526 583 589 656 siti:
609 605 622 634 a
630 583 692 655 lpse
700 586 744 638 est
758 587 931 654 pernostra,
943 581 993 652 qui
1049 578 1189 652 sublege,
1208 584 1239 634 ut
1253 597 1302 636 eos
1319 581 1367 652 qui
1385 579 1507 653 sublege
1517 579 1738 636 erantredimcrct
1750 581 1830 648 (sata,

169 669 237 728 lecit
252 675 375 744 utraque
387 690 490 740 uuum,
507 671 819 743 etmediumparietem
832 668 994 725 dissolvens
1050 667 1104 740 u·);
1123 689 1137 717 u
1153 672 1178 724 ct
1211 667 1314 724 iterum
1328 685 1335 724 ε
1351 687 1367 720 ι
1382 668 1460 724 Misit
1488 669 1564 724 Deus
1592 666 1689 723 Filium
1715 685 1789 724 suum
1808 669 1840 726 iu·

171 759 313 829 macerie,
329 765 357 818 et
372 761 465 835 legem
483 761 688 817 mandatorum
704 759 826 816 decretis
839 775 993 826 evacuans,
1050 755 1244 812 similitudine
1260 757 1356 814 carnis
1372 757 1479 831 peceati
1498 757 1583 830 (liena
1608 760 1672 824 rur).
1689 779 1702 807 n
1715 757 1752 812 dd
1774 757 1833 814 dire·

159 849 205 905 'ut
220 849 326 905 condat
339 848 369 905 in
386 867 417 906 sc
433 847 548 905 ducein
565 865 656 904 unum
673 865 779 905 norum
795 847 955 914 homiuem,
967 849 996 902 et
1036 846 1185 914 ctionem,
1202 845 1278 901 sicut
1294 845 1835 919 idemapostclusait:«Misitheusspiri

172 936 363 996 reconcilians
378 938 480 994 ambos
494 939 523 992 ia
535 955 722 1011 corpoream,
733 936 995 1010 percrurcminter·
1049 938 1112 990 tum
1128 933 1189 989 Filii
1200 933 1834 1006 suiincordaucstra,clamantem,rlbbapelen

172 1025 273 1083 ficiens
289 1025 457 1083 inimicitias
473 1027 503 1082 in
519 1027 717 1094 caruesua,1lt
732 1024 997 1098 venicusevangeli-
1049 1024 1102 1080 Sed
1121 1027 1279 1096 utrumque
1293 1041 1386 1098 genus
1404 1023 1552 1080 missionis
1566 1023 1700 1079 Dominus
1708 1022 1835 1078 unoversi·
1921 1025 1922 1092 t

172 1115 248 1170 zavit
261 1131 362 1187 pacem
377 1116 425 1171 his
442 1115 491 1188 qui
507 1133 608 1188 prope,
625 1115 710 1170 ethis
726 1116 775 1188 qni
791 1114 876 1188 longe
897 1119 994 1170 erant:
1050 1111 1114 1168 culo
1143 1112 1374 1184 comprehendit,
1400 1130 1468 1169 curn
1494 1111 1547 1168 ait:
1566 1136 1579 1164 n
1604 1113 1681 1167 Sicut
1709 1110 1780 1167 misit
1802 1129 1837 1168 mc

173 1203 937 1277 quoniamperipsumaccessurnhabemusomncs
960 1203 996 1258 ad
1051 1225 1065 1252 n
1082 1201 1175 1270 Pater,
1192 1205 1220 1257 et
1235 1219 1288 1275 ego
1304 1201 1388 1258 mitto
1403 1219 1465 1258 vos.
1484 1225 1498 1252 »
1513 1201 1591 1258 illisit
1604 1202 1678 1257 enirn
1692 1201 1761 1256 Deus
1774 1200 1838 1256 Pater
1921 1215 1922 1218 ’

173 1291 265 1347 Deum
281 1291 311 1348 iu
328 1308 385 1348 uno
401 1292 511 1364 Spiritu
528 1293 634 1365 (Epirec.
650 1293 692 1366 ιι).
711 1315 724 1342 a
1052 1290 1157 1347 Filium
1177 1308 1276 1362 suum,
1293 1292 1369 1364 quod
1388 1288 1839 1358 constituitcumiurarnari;misit
1921 1305 1922 1308 ¹

209 1401 223 1430 a
239 1379 273 1434 Et
289 1397 355 1436 cum
371 1379 425 1436 hoc
441 1380 572 1449 dixisset,
589 1381 718 1438 ostendit
732 1380 775 1438 eis
790 1397 895 1437 manus
914 1385 941 1438 et
955 1382 996 1437 la·
1043 1378 1315 1452 'Filiusapostolos
1330 1381 1447 1453 quando
1463 1377 1839 1436 adearndeminccrnaticnen

174 1492 187 1520 u
205 1473 262 1524 tus.
280 1491 295 1519 »
311 1469 404 1524 Lucas
420 1469 607 1542 exsugebant,
625 1470 674 1542 qui
691 1470 765 1525 banc
786 1470 997 1542 apparitionem
1053 1454 1267 1542 predicandam
1284 1468 1311 1523 in
1330 1469 1498 1524 universum
1515 1469 1614 1524 orbem
1630 1484 1677 1524 eos
1692 1464 1791 1522 direxit.
1804 1465 1841 1519 tal

173 1556 301 1630 scripsit,
318 1557 402 1626 dicit:
419 1558 492 1624 Quia
508 1575 576 1614 cum
590 1558 717 1616 stetisset
732 1582 746 1608 α
758 1559 842 1616 lesus
858 1559 886 1614 iu
904 1559 998 1615 medio
1053 1557 1129 1616 sicut
1145 1557 1225 1614 misit
1240 1561 1315 1614 Deus
1331 1557 1414 1614 Pater
1429 1558 1533 1615 Filium
1550 1573 1635 1614 suum
1652 1557 1686 1611 ad
1700 1555 1842 1626 diversccp·

174 1663 286 1714 eorum,
312 1645 460 1702 conterriti
485 1651 512 1703 et
537 1647 713 1714 conturbati,
740 1646 946 1703 existimabant
969 1665 1000 1704 se
1055 1646 1172 1720 prataria
1188 1650 1215 1702 ct
1231 1646 1384 1718 passiones
1400 1647 1593 1712 sufferendas,
1606 1644 1646 1702 sic
1661 1648 1688 1700 et
1700 1641 1778 1699 lilius
1791 1657 1843 1714 apo·

174 1735 311 1809 spiritum
325 1735 422 1792 videre
438 1734 606 1804 (leemas).
626 1736 689 1790 »dd
701 1735 1000 1809 horumergodubita-
1054 1735 1144 1792 stolas
1160 1752 1217 1790 non
1233 1736 1268 1790 ad
1286 1735 1425 1792 honorem
1437 1735 1592 1808 ctgloriarn
1603 1730 1844 1806 hujussaculiacci·
1921 1745 1922 1748 ’

50 1900 54 1912 ·
137 1875 144 1886 ,
174 1824 284 1880 tionem
300 1824 500 1892 auferendam,
527 1827 614 1897 atque
630 1825 718 1880 fidem
742 1825 998 1894 corroborandam,
1015 1862 1038 1926 B
1055 1825 1201 1898 piendam,
1219 1811 1267 1880 scd
1279 1825 1315 1880 ad
1328 1825 1491 1898 angustias,
1502 1819 1845 1896 etinjurias,etcpprobrie,

176 1913 303 1969 ostendit
318 1913 359 1969 eis
373 1930 480 1970 manus
494 1919 521 1969 et
537 1913 625 1982 latus,
640 1917 672 1969 ut
686 1931 737 1986 per
752 1915 919 1970 infixionem
940 1913 999 1971 ela·
1055 1913 1190 1969 otcarius
1205 1913 1421 1986 persecutiones
1437 1913 1636 1969 sustinendas.

175 2019 277 2058 vorum
290 2008 318 2058 et
333 2003 511 2075 apertionem
536 2001 636 2058 lateris
656 2002 739 2058 illum
767 2020 831 2060 esse
857 2003 1000 2077 intellige·
1093 2025 1104 2052 ιι
1121 2002 1180 2058 llac
1195 2019 1261 2056 eum
1279 2000 1409 2070 dixisset,
1426 2001 1597 2067 insufflavit,
1614 2006 1641 2057 et
1655 1999 1724 2055 dixit
1737 1999 1786 2054 eis:
1806 1999 1846 2052 ilc·

177 2095 251 2158 rent,
268 2109 355 2164 quem
372 2096 440 2148 ente
454 2091 543 2148 clavis
559 2091 691 2147 viderant
715 2091 834 2147 allisum
858 2097 884 2146 et
900 2092 1001 2148 lancea
1055 2115 1068 2142 a
1087 2091 1174 2163 cipite
1189 2091 1330 2162 Spiritum
1346 2095 1491 2146 sanctum.
1510 2113 1523 2138 u
1540 2091 1589 2145 Bis
1605 2087 1847 2162 scriptumlegimns
1921 2100 1922 2132 1

178 2181 365 2252 perforatum.
394 2181 534 2237 'turbatio
557 2181 647 2254 igitur
668 2180 866 2254 apostolorum
896 2187 1000 2237 nostrae
1055 2179 1849 2254 apostolosirranil'estadationcSpiritumsanctumacce
1921 2187 1922 2194 ’

176 2269 243 2324 tidei
258 2268 439 2325 confirmatio
455 2275 509 2326 est.
526 2295 538 2321 «
556 2270 651 2326 Garisi
668 2275 738 2325 suut
761 2287 829 2343 erge
853 2268 999 2342 discipuli,
1057 2271 1143 2341 pisse,
1161 2285 1237 2324 niruc
1250 2268 1378 2340 primurn
1402 2269 1522 2323 [terniue
1545 2267 1720 2323 consistente
1742 2265 1768 2320 iu
1781 2269 1849 2326 terra,

177 2383 191 2410 c
208 2357 268 2414 viso
284 2357 417 2414 Domino,
437 2381 450 2407 n
464 2358 566 2414 llcrito
580 2357 717 2430 discipuli
739 2360 786 2431 qui
813 2360 848 2415 dc
865 2361 1000 2432 passione
1056 2359 1242 2430 por-:trundum
1255 2375 1321 2412 rere
1337 2354 1850 2429 eopraesidentoinccelc.Quaeripotest

176 2447 292 2504 Domini
310 2447 472 2503 contristati
499 2447 623 2513 luerunt,
651 2447 763 2519 decjus
791 2447 1000 2504 resurrectione
1056 2464 1146 2519 quare
1164 2446 1303 2501 Doruiuus
1319 2445 1472 2519 discipulis
1488 2447 1609 2502 dixerit:
1628 2469 1642 2497 «
1660 2440 1852 2517 acctpaespri·

91 2557 99 2574 ·
177 2535 265 2592 laetati
281 2538 360 2605 suut,
377 2538 409 2590 ut
423 2534 594 2607 impleretur
609 2535 685 2607 quod
701 2537 742 2591 eis
760 2553 777 2592 a
791 2536 914 2592 Domino
928 2554 1001 2608 prce-
1055 2542 1118 2591 trun
1135 2541 1278 2591 sanetum.
1296 2557 1310 2584 >›
1326 2535 1464 2608 Nunquid
1489 2534 1633 2592 hactenus
1657 2534 1787 2607 Spiritum
1800 2546 1852 2586 san·

178 2625 289 2681 dictura
307 2624 408 2679 lucrat.
427 2645 440 2673 ι(
457 2621 563 2678 lterum
578 2624 679 2680 videbo
692 2641 752 2691 ros,
767 2631 795 2680 et
809 2626 1002 2699 gaudebitccr
1056 2629 1135 2680 ctum
1153 2643 1209 2680 unu
1226 2628 1406 2697 acceperant,
1424 2625 1540 2696 quando
1554 2623 1771 2698 eispotcstatcm
1786 2619 1853 2675 dede·

177 2718 307 2771 vestrum
322 2715 410 2782 (locri.
434 2719 499 2782 xvi).
517 2736 530 2762 n
547 2713 604 2769 Nec
630 2713 741 2786 absque
765 2731 870 2788 magno
894 2715 1001 2788 gaudio
1056 2718 1101 2770 rat
1116 2713 1245 2770 calcandi
1263 2731 1352 2786 supra
1367 2730 1483 2770 omnem
1499 2713 1638 2769 virtutem
1656 2709 1853 2776 inimici,diceus

177 2805 395 2875 esscpcterant,
415 2818 482 2857 curn
506 2801 664 2857 Dominum
688 2804 831 2859 virentem
853 2803 1000 2872 videbant,
1056 2803 1128 2860 illis:
1146 2827 1157 2852 ιι
1174 2802 1205 2858 la
1223 2801 1339 2858 nomine
1364 2818 1428 2858 meo
1453 2801 1600 2858 damouia
1620 2801 1725 2874 ejicite,
1748 2798 1854 2870 leproso

179 2906 267 2964 quem
283 2888 387 2946 saltem
404 2891 552 2944 mortuum
570 2906 688 2946 cernere
704 2892 869 2964 cupiebant.
1056 2897 1168 2958 curate;
1185 2891 1276 2964 gratis
1289 2890 1452 2963 accepistis
1468 2890 1560 2964 gratis
1573 2891 1661 2948 date?
1674 2913 1687 2939 n
1711 2886 1803 2962 (datit-
1825 2885 1855 2948 x.)
1921 2901 1922 2904 ’

216 3001 229 3028 «
246 2977 323 3034 Dixit
338 2993 406 3050 ergo
422 2977 464 3032 eis
490 2977 611 3034 iteruin:
637 2979 695 3036 Par
709 2980 802 3048 vobis,
818 3005 832 3033 »
859 2980 954 3037 Semel
974 2985 1003 3037 et
1056 2983 1090 3038 Εἰ
1103 2980 1249 3054 quomodo
1264 2980 1319 3035 hoc
1336 2979 1489 3048 iaciebant,
1501 2976 1856 3052 siSpiritumsanctumncu
1921 3003 1922 3022 i

179 3069 284 3124 iterum
299 3069 364 3138 post
379 3071 502 3122 mortem
517 3067 561 3122 vel
570 3073 636 3140 post
649 3071 889 3126 resurrectionem
901 3087 1002 3142 piscem
1056 3071 1222 3128 habebant?
1237 3069 1384 3126 habebant
1399 3070 1510 3142 utique,
1528 3070 1625 3126 sedet
1641 3073 1766 3125 nostram
1780 3078 1856 3119 asser·

178 3154 329 3230 discipulis
346 3155 568 3224 commendarit,
587 3161 618 3212 ut
633 3159 958 3230 quosautepassienam
973 3159 1001 3214 iu
1057 3160 1165 3216 tionem
1180 3159 1323 3232 approbat
1340 3157 1489 3226 Dominus,
1506 3156 1740 3215 dicenstudeis:
1757 3179 1769 3204 c
1783 3153 1857 3223 Sicgt
1921 3179 1922 3200 2

179 3264 248 3321 pace
264 3245 431 3318 reliquerat,
447 3250 513 3317 post
529 3247 810 3303 resurreetionemin
826 3265 859 3304 ea
871 3230 1038 3304 cosinae-C
1058 3250 1087 3306 in
1104 3247 1263 3305 Beelzebub
1279 3247 1362 3318 ejicio
1378 3247 1531 3316 damonia,
1549 3245 1603 3302 filii
1617 3247 1705 3303 vostri
1717 3247 1743 3301 in
1760 3259 1808 3316 quc
1821 3237 1858 3310 eji-

180 3335 264 3391 niret.
281 3334 354 3392 Nam
370 3349 494 3406 pergens
510 3335 544 3390 ad
563 3335 740 3406 passionem,
759 3353 859 3408 picem
876 3337 1002 3393 eiscom-
1058 3337 1189 3394 ciuntt'n
1205 3337 1279 3410 (tue.
1296 3336 1347 3408 m.)
1362 3337 1522 3409 llrgoprius
1535 3337 1682 3409 Spiritum
1693 3328 1859 3392 sanctumba·
1921 3345 1922 3378 i

181 3422 339 3490 urendavit,
357 3423 471 3506 dicens:
488 3447 501 3472 a
519 3423 622 3479 Pacem
636 3442 731 3482 meam
747 3425 782 3480 do
798 3426 1003 3499 vobis,pace1n
1058 3427 1157 3484 baisse
1173 3426 1308 3482 credendi
1324 3430 1403 3481 suut.
1419 3425 1492 3490 Quia
1506 3423 1562 3480 nisi
1572 3425 1706 3500 Spiritus
1720 3420 1859 3492 sarictigra·

182 3528 277 3566 aream
293 3510 425 3582 relinquo
439 3511 520 3568 vobis
537 3513 627 3585 (loca.
640 3513 731 3584 arvi.»
747 3513 1003 3570 Amortuisuntem
1059 3513 1859 3586 ticessentilluminatusquedemoniaejterrent,neque

181 3615 349 3672 resurgens,
374 3601 506 3657 eauutem
530 3603 756 3675 reconsignavit,
782 3602 896 3658 dicens:
914 3627 928 3655 a
945 3608 1004 3662 Pax
1059 3605 1179 3661 virtutes
1194 3603 1330 3672 lacerent,
1354 3619 1449 3675 neque
1469 3601 1553 3658 illum
1578 3621 1683 3660 verum
1709 3605 1791 3658 Deum
1812 3609 1861 3651 esse

181 3687 273 3745 vebia.
290 3711 304 3740 n
321 3690 359 3744 Ac
376 3689 400 3744 si
416 3688 538 3746 diceret:
557 3691 588 3746 lu
605 3708 674 3764 pace
690 3709 741 3747 vos
756 3691 867 3758 dimisi,
886 3691 915 3748 in
933 3711 1003 3765 pace
1059 3693 1218 3750 crederent.
1234 3693 1288 3749 Sed
1301 3692 1429 3766 primum
1440 3692 1583 3766 Spiritum
1597 3685 1862 3750 sancturuhabebant
1921 3701 1922 3706 ¹

180 3797 230 3835 ros
245 3777 401 3834 inveniam.
417 3777 468 3834 Vel
484 3783 560 3834 certe
574 3779 723 3852 geminam
739 3797 839 3852 pacem
851 3781 1004 3854 discipulis
1059 3787 1091 3838 ut
1108 3781 1181 3838 benc
1196 3781 1338 3836 viverent:
1356 3785 1457 3852 postea
1472 3780 1611 3837 euredem
1627 3779 1779 3853 perfectius
1799 3787 1862 3830 accc·
1921 3813 1922 3818 η

180 3867 405 3934 commendavit,
422 3871 454 3923 ut
470 3866 535 3923 illos
550 3868 719 3925 suavisione
730 3867 1004 3942 digucsesseosteu-
1059 3874 1174 3944 parunt,
1191 3873 1223 3926 ut
1236 3868 1496 3942 adpraedieacdum
1508 3869 1605 3924 idonei
1616 3859 1862 3936 essent,utetccrde
1921 3883 1922 3908 r

181 3958 272 4027 deret,
289 3956 339 4029 qui
355 3972 456 4028 pacem
471 3959 500 4010 et
513 3956 698 4012 concordiam
707 3959 871 4029 purncorde
886 3976 1003 4016 conser—
1059 3961 1211 4017 crederent
1226 3959 1262 4016 ad
1275 3957 1434 4031 justitiam,
1444 3963 1526 4014 etore
1536 3955 1787 4014 confiterentnrad
1801 3949 1863 4008 salu·
1921 3951 1922 4010 l

179 4049 259 4114 vant,
275 4050 303 4101 et
315 4041 659 4118 geminamdilectionem
669 4045 716 4102 Dei
725 4045 855 4103 videlieet
871 4053 898 4104 ct
908 4047 1003 4121 proxi·
1059 4057 1127 4107 tent.
1145 4048 1227 4105 Uude
1242 4045 1396 4120 impletum
1412 4052 1456 4102 est
1473 4047 1550 4121 quod
1566 4064 1621 4119 per
1637 4049 1753 4120 Moysen
1772 4043 1862 4098 dictum

181 4135 221 4191 mi
239 4133 355 4192 habent.
373 4133 452 4189 Hanc
479 4137 576 4189 autem
593 4151 693 4207 pacem
721 4136 834 4207 reprobi
857 4153 914 4192 nou
935 4137 1003 4192 roti·
1060 4141 1166 4195 t'uerat:
1188 4162 1197 4187 ι
1216 4138 1362 4193 Suroruut
1376 4135 1434 4192 mel
1449 4135 1485 4192 dc
1497 4141 1589 4210 petra,
1606 4141 1637 4192 et
1652 4136 1748 4193 oleum
1761 4129 1865 4188 aaaron

182 4229 261 4280 nent.
278 4222 417 4292 eramvis
432 4221 509 4278 cuim
526 4221 649 4279 adulteri
666 4241 733 4279 curn
747 4224 899 4294 adulteris,
914 4225 1004 4282 torni·
1059 4233 1141 4302 petra
1155 4228 1244 4296 (licut.
1261 4225 1347 4297 uari).
1367 4248 1379 4275 n
1396 4225 1552 4297 Nunquam
1562 4224 1692 4298 legimus
1703 4223 1777 4296 quod
1792 4231 1865 4291 popu·

181 4318 293 4370 catores
309 4329 376 4369 cum
392 4311 627 4381 tornicatoribus,
640 4315 1002 4386 repaecscumrapacibus,
1059 4317 1115 4386 lus,
1133 4315 1182 4388 qui
1199 4313 1456 4387 perquadragiuta
1471 4330 1564 4370 annos
1579 4331 1692 4370 urauna
1704 4310 1867 4368 incibumac·

181 4402 335 4459 homicida
351 4417 418 4456 curu
432 4399 599 4467 homicidis,
612 4418 710 4473 pacem
727 4401 833 4459 bebere
842 4403 1003 4472 calcantur,
1060 4406 1145 4479 cepit,
1163 4403 1220 4460 nael
1234 4403 1276 4459 rel
1294 4403 1390 4460 oleum
1406 4403 1442 4459 de
1458 4407 1540 4476 petra
1555 4403 1681 4472 suxerit,
1699 4403 1748 4460 sed
1772 4400 1865 4454 tantun

181 4495 280 4546 tamen
298 4506 355 4544 nou
370 4505 467 4546 ceram
485 4505 582 4562 pacem
601 4489 1006 4562 possident,testePsalmista
1060 4511 1178 4567 aquam.
1196 4491 1371 4557 Ouodcnim
1388 4489 1493 4547 inillis
1516 4491 1713 4548 historialiter
1737 4485 1867 4561 impletum

181 4579 224 4635 vel
241 4578 392 4651 propheta,
409 4578 459 4650 qui
475 4578 529 4634 ait:
547 4600 561 4628 c
578 4578 640 4634 Non
657 4583 702 4635 est
717 4596 772 4652 pax
796 4578 906 4652 impiis,
931 4581 1004 4637 dicit
1018 4603 1042 4667 p
1059 4601 1117 4640 nan
1131 4581 1195 4650 suit,
1222 4581 1251 4636 in
1282 4567 1422 4654 apostolis
1449 4579 1597 4637 oredimus
1628 4597 1696 4637 esse
1720 4571 1868 4652 spiritaliter

182 4667 323 4725 [tetuinus
339 4667 399 4723 (lan.
418 4667 497 4740 cvir);
515 4689 529 4718 n
546 4667 580 4722 Et
592 4666 758 4740 apostolus:
776 4691 790 4719 «ι
807 4668 876 4724 Sine
891 4686 962 4741 paco
977 4674 1005 4726 et
1059 4670 1248 4743 compilatum.
1265 4692 1278 4720 a
1296 4669 1380 4726 Petra
1402 4669 1479 4726 enim
1502 4670 1546 4742 (ut
1570 4669 1610 4724 ait
1636 4661 1801 4742 Apostolus)
1819 4658 1868 4716 ettl

181 4755 455 4814 castimonia-nemo
474 4755 581 4812 videbit
591 4756 685 4812 Deum
700 4757 790 4826 (licta.
800 4760 859 4828 au).
869 4781 882 4807 n
895 4757 1007 4814 Fideles
1062 4759 1232 4830 chrismati
1247 4758 1307 4814 Coc.
1324 4757 1361 4829 x).
1381 4780 1395 4806 n
1414 4745 1867 4814 auternomelttsrtsuartasotei.

182 4844 818 4920 namqueeamdempacemdriuiusretineut,
831 4851 1008 4903 cumcontra
1062 4848 1188 4922 gratiam
1204 4846 1330 4919 Spiritus
1346 4845 1438 4902 saneti
1455 4845 1633 4920 significant,
1663 4863 1726 4920 que
1750 4837 1868 4898 omnibus

182 4935 302 4990 adversa
319 4934 487 5008 patientiam
504 4934 663 4989 continent.
681 4934 719 4990 Dc
742 4935 849 4990 talibus
865 4936 1007 5007 perl'sal·
1062 4930 1256 4993 saturitatibus
1271 4935 1388 4990 suavior
1403 4933 1558 5002 iuvenitur,
1575 4935 1693 4991 dicente
1714 4927 1867 4988 psalmista:

183 5022 301 5078 mistum
328 5022 448 5079 dieitur:
466 5047 479 5076 a
496 5023 555 5078 Pax
576 5023 668 5078 multa
696 5023 887 5094 diligentibus
913 5023 1006 5096 legem
1064 5049 1077 5076 n
1093 5027 1184 5090 Quam
1201 5022 1297 5079 dulcia
1313 5023 1447 5079 lancibus
1461 5024 1535 5079 meis
1548 5024 1667 5097 eloquia
1684 5029 1744 5088 tua,
1756 5015 1868 5074 Domine

183 5113 392 5175 tuam,etnon
410 5118 452 5167 est
473 5112 529 5167 illis
559 5112 729 5167 scuudalum
757 5113 843 5183 (Prot.
868 5118 974 5182 curru).
993 5137 1006 5163 n
1061 5111 1434 5187 supermelctlauurnori
1453 5111 1745 5186 mectPsal.cxr1u).
1763 5131 1776 5158 u
1797 5095 1869 5167 0118εἰ

184 5199 276 5265 Quam
292 5197 434 5254 Dominus
450 5199 835 5272 eonuueulansdiscipulis,
854 5201 937 5256 aaz«
954 5202 1007 5258 Ha-
1061 5191 1869 5278 ergomeldepetcaapostolisuxerunt,quando,t]brist⁰
1921 5255 1922 5288 1

95 5303 102 5314 ’
184 5287 249 5342 bete
265 5284 307 5340 sal
325 5285 353 5339 in
369 5287 460 5354 vobis,
477 5294 505 5342 et
519 5305 620 5358 pacem
638 5289 742 5345 turbete'
758 5289 835 5346 inter
850 5307 909 5345 vos.
926 5291 1007 5348 Sicut
1061 5293 1090 5348 in
1107 5297 1184 5348 terra
1198 5292 1386 5358 consistente,
1402 5291 1545 5364 Spiritum
1561 5295 1700 5348 sanctum
1716 5289 1752 5345 ab
1767 5292 1872 5340 coacte
1921 5291 1922 5342 i

184 5375 266 5431 misit
281 5389 327 5429 me
342 5377 433 5445 pater,
451 5379 479 5430 et
494 5393 546 5447 ogo
558 5375 640 5432 mitto
653 5378 801 5450 restitere.
819 5379 890 5440 ml.»
907 5380 1006 5437 Missic
1061 5385 1178 5457 perant.
1195 5380 1282 5445 Quasi
1298 5377 1630 5454 oleumdefirmapetra,
1645 5374 1870 5451 quandajmco
1921 5353 1922 5432 l

158 5459 161 5464 ’
183 5463 213 5519 in
229 5459 1007 5540 Scripturisaliquaudoadtricor-nationem,aliquando
1061 5472 1091 5526 in
1107 5468 1178 5526 coelo
1190 5467 1372 5542 presidente,
1389 5471 1525 5526 eumdem
1537 5467 1681 5543 Spiritum
1707 5467 1835 5524 sunctum
1847 5453 1871 5509 in

155 5626 157 5632 ¹
183 5553 220 5611 ad
237 5551 421 5610 dilectionem
439 5551 573 5626 pertinet,
599 5553 640 5608 Ad
667 5554 907 5625 incarnationem,
931 5557 1008 5614 sicut
1061 5559 1170 5634 linguis
1185 5558 1279 5632 igneis
1295 5556 1447 5614 visibiliter
1461 5547 1870 5630 ecoeloaociperemeruerunt-

154 5649 158 5662 '
181 5641 338 5724 Apostolus
354 5642 407 5704 eit:
425 5665 438 5698 a
454 5643 491 5702 m
506 5640 556 5700 ubi
578 5641 655 5698 venit
679 5641 829 5715 plenitudo
854 5648 1005 5722 temporis,
1045 5658 1100 5708 'bo
1116 5649 1169 5706 boc
1185 5646 1247 5706 oleo
1271 5646 1485 5724 scriptumest:
1511 5672 1525 5702 a
1542 5645 1763 5722 Computrescct
1779 5641 1871 5718 jugum
