<?xml version="1.0" encoding="UTF-8"?>
<!DOCTYPE html PUBLIC "-//W3C//DTD XHTML 1.0 Transitional//EN"
    "http://www.w3.org/TR/xhtml1/DTD/xhtml1-transitional.dtd">
<html xmlns="http://www.w3.org/1999/xhtml" xml:lang="en" lang="en">
 <head>
  <title>
</title>
<meta http-equiv="Content-Type" content="text/html;charset=utf-8" />
  <meta name='ocr-system' content='tesseract 3.04.00' />
  <meta name='ocr-capabilities' content='ocr_page ocr_carea ocr_par ocr_line ocrx_word'/>
</head>
<body>
  <div class='ocr_page' id='page_1' title='image "./patrologiaecurs109unkngoog_0519.png"; bbox 0 0 4034 6180; ppageno 0'>
   <div class='ocr_carea' id='block_1_1' title="bbox 169 283 1870 356">
    <p class='ocr_par' dir='ltr' id='par_1_1' title="bbox 169 283 1870 356">
     <span class='ocr_line' id='line_1_1' title="bbox 169 283 1870 356; baseline 0.002 -4"><span class='ocrx_word' id='word_1_1' title='bbox 169 291 248 354; x_wconf 78' lang='lat' dir='ltr'><strong>lber</strong></span> <span class='ocrx_word' id='word_1_2' title='bbox 646 287 857 351; x_wconf 83' lang='lat' dir='ltr'><strong>ANSCHAllll</strong></span> <span class='ocrx_word' id='word_1_3' title='bbox 879 283 1186 350; x_wconf 76' lang='lat' dir='ltr'><strong>undeuneenffls</strong></span> <span class='ocrx_word' id='word_1_4' title='bbox 1209 283 1386 352; x_wconf 77' lang='lat' dir='ltr'><strong>eelscoet</strong></span> <span class='ocrx_word' id='word_1_5' title='bbox 1798 293 1870 356; x_wconf 76' lang='lat' dir='ltr'><strong>rese</strong></span> 
     </span>
    </p>
   </div>
   <div class='ocr_carea' id='block_1_2' title="bbox 158 419 1874 1832">
    <p class='ocr_par' dir='ltr' id='par_1_2' title="bbox 158 419 1874 1832">
     <span class='ocr_line' id='line_1_2' title="bbox 168 419 1871 497; baseline 0.002 -18"><span class='ocrx_word' id='word_1_6' title='bbox 168 425 205 480; x_wconf 88' lang='lat' dir='ltr'><strong>nd</strong></span> <span class='ocrx_word' id='word_1_7' title='bbox 221 424 358 480; x_wconf 86' lang='lat' dir='ltr'><strong>eumdem</strong></span> <span class='ocrx_word' id='word_1_8' title='bbox 375 421 472 479; x_wconf 85' lang='lat' dir='ltr'><strong>locum</strong></span> <span class='ocrx_word' id='word_1_9' title='bbox 489 422 643 490; x_wconf 87' lang='lat' dir='ltr'><strong>deductus,</strong></span> <span class='ocrx_word' id='word_1_10' title='bbox 659 422 756 478; x_wconf 86' lang='lat' dir='ltr'><strong>divino</strong></span> <span class='ocrx_word' id='word_1_11' title='bbox 780 423 854 478; x_wconf 89' lang='lat' dir='ltr'><strong>nutu</strong></span> <span class='ocrx_word' id='word_1_12' title='bbox 878 420 990 479; x_wconf 89' lang='lat' dir='ltr'><strong>iuoulu·</strong></span> <span class='ocrx_word' id='word_1_13' title='bbox 1004 423 1032 490; x_wconf 78' lang='grc' dir='ltr'>Α</span> <span class='ocrx_word' id='word_1_14' title='bbox 1048 439 1141 495; x_wconf 89' lang='lat' dir='ltr'><strong>usque</strong></span> <span class='ocrx_word' id='word_1_15' title='bbox 1156 421 1294 479; x_wconf 88' lang='lat' dir='ltr'><strong>deorsum</strong></span> <span class='ocrx_word' id='word_1_16' title='bbox 1309 419 1437 497; x_wconf 75' lang='lat' dir='ltr'><strong>paralysi</strong></span> <span class='ocrx_word' id='word_1_17' title='bbox 1453 421 1660 480; x_wconf 62' lang='lat' dir='ltr'><strong>ita&#39;centrecta</strong></span> <span class='ocrx_word' id='word_1_18' title='bbox 1673 423 1781 494; x_wconf 84' lang='lat' dir='ltr'><strong>extitit,</strong></span> <span class='ocrx_word' id='word_1_19' title='bbox 1793 427 1826 480; x_wconf 88' lang='lat' dir='ltr'><strong>at</strong></span> <span class='ocrx_word' id='word_1_20' title='bbox 1839 425 1871 482; x_wconf 87' lang='lat' dir='ltr'><strong>dc</strong></span> 
     </span>
     <span class='ocr_line' id='line_1_3' title="bbox 167 509 1871 587; baseline 0.001 -19"><span class='ocrx_word' id='word_1_21' title='bbox 167 511 262 570; x_wconf 79' lang='lat' dir='ltr'><strong>mileti</strong></span> <span class='ocrx_word' id='word_1_22' title='bbox 278 511 408 586; x_wconf 80' lang='lat' dir='ltr'><strong>pristina</strong></span> <span class='ocrx_word' id='word_1_23' title='bbox 423 511 567 568; x_wconf 89' lang='lat' dir='ltr'><strong>redditus·</strong></span> <span class='ocrx_word' id='word_1_24' title='bbox 580 511 617 567; x_wconf 90' lang='lat' dir='ltr'><strong>ed</strong></span> <span class='ocrx_word' id='word_1_25' title='bbox 629 510 747 585; x_wconf 82' lang='lat' dir='ltr'><strong>propria</strong></span> <span class='ocrx_word' id='word_1_26' title='bbox 762 509 847 568; x_wconf 72' lang='lat' dir='ltr'><strong>rediit</strong></span> <span class='ocrx_word' id='word_1_27' title='bbox 862 525 965 568; x_wconf 84' lang='lat' dir='ltr'><strong>senus.</strong></span> <span class='ocrx_word' id='word_1_28' title='bbox 1045 511 1188 570; x_wconf 88' lang='lat' dir='ltr'><strong>membris</strong></span> <span class='ocrx_word' id='word_1_29' title='bbox 1202 511 1276 586; x_wconf 87' lang='lat' dir='ltr'><strong>ipsis</strong></span> <span class='ocrx_word' id='word_1_30' title='bbox 1287 509 1360 568; x_wconf 82' lang='lat' dir='ltr'><strong>nihil</strong></span> <span class='ocrx_word' id='word_1_31' title='bbox 1377 509 1494 585; x_wconf 88' lang='lat' dir='ltr'><strong>penitus</strong></span> <span class='ocrx_word' id='word_1_32' title='bbox 1504 511 1636 582; x_wconf 74' lang='lat' dir='ltr'><strong>sentiret,</strong></span> <span class='ocrx_word' id='word_1_33' title='bbox 1653 530 1708 572; x_wconf 91' lang='lat' dir='ltr'><strong>nec</strong></span> <span class='ocrx_word' id='word_1_34' title='bbox 1722 530 1871 587; x_wconf 91' lang='lat' dir='ltr'><strong>quoquam</strong></span> 
     </span>
     <span class='ocr_line' id='line_1_4' title="bbox 202 597 1872 676; baseline 0.001 -20"><span class='ocrx_word' id='word_1_35' title='bbox 202 605 343 657; x_wconf 80' lang='lat' dir='ltr'><strong>Ceterum</strong></span> <span class='ocrx_word' id='word_1_36' title='bbox 364 601 400 656; x_wconf 92' lang='lat' dir='ltr'><strong>de</strong></span> <span class='ocrx_word' id='word_1_37' title='bbox 424 616 499 675; x_wconf 86' lang='lat' dir='ltr'><strong>pago</strong></span> <span class='ocrx_word' id='word_1_38' title='bbox 522 599 713 674; x_wconf 85' lang='lat' dir='ltr'><strong>Ostarburge,</strong></span> <span class='ocrx_word' id='word_1_39' title='bbox 729 615 764 656; x_wconf 88' lang='lat' dir='ltr'><strong>ex</strong></span> <span class='ocrx_word' id='word_1_40' title='bbox 788 599 858 656; x_wconf 85' lang='lat' dir='ltr'><strong>villa</strong></span> <span class='ocrx_word' id='word_1_41' title='bbox 873 599 991 657; x_wconf 88' lang='lat' dir='ltr'><strong>nomine</strong></span> <span class='ocrx_word' id='word_1_42' title='bbox 1044 597 1086 657; x_wconf 86' lang='lat' dir='ltr'><strong>ire</strong></span> <span class='ocrx_word' id='word_1_43' title='bbox 1102 600 1159 657; x_wconf 86' lang='lat' dir='ltr'><strong>nisi</strong></span> <span class='ocrx_word' id='word_1_44' title='bbox 1179 616 1248 658; x_wconf 90' lang='lat' dir='ltr'><strong>cum</strong></span> <span class='ocrx_word' id='word_1_45' title='bbox 1271 597 1399 656; x_wconf 79' lang='lat' dir='ltr'><strong>ambella</strong></span> <span class='ocrx_word' id='word_1_46' title='bbox 1425 616 1490 658; x_wconf 85' lang='lat' dir='ltr'><strong>sese</strong></span> <span class='ocrx_word' id='word_1_47' title='bbox 1513 601 1656 658; x_wconf 89' lang='lat' dir='ltr'><strong>trahendo</strong></span> <span class='ocrx_word' id='word_1_48' title='bbox 1682 607 1793 674; x_wconf 88' lang='lat' dir='ltr'><strong>posset,</strong></span> <span class='ocrx_word' id='word_1_49' title='bbox 1811 619 1872 676; x_wconf 83' lang='lat' dir='ltr'><strong>qus</strong></span> 
     </span>
     <span class='ocr_line' id='line_1_5' title="bbox 165 687 1872 762; baseline 0 -14"><span class='ocrx_word' id='word_1_50' title='bbox 165 689 531 762; x_wconf 71' lang='lat' dir='ltr'><strong>baldrikeswicb,qnaedam</strong></span> <span class='ocrx_word' id='word_1_51' title='bbox 540 687 804 757; x_wconf 84' lang='lat' dir='ltr'><strong>femina,vocebulo</strong></span> <span class='ocrx_word' id='word_1_52' title='bbox 813 689 929 757; x_wconf 71' lang='lat' dir='ltr'><strong>adsuit,</strong></span> <span class='ocrx_word' id='word_1_53' title='bbox 942 705 992 762; x_wconf 91' lang='lat' dir='ltr'><strong>pa·</strong></span> <span class='ocrx_word' id='word_1_54' title='bbox 1044 690 1081 746; x_wconf 92' lang='lat' dir='ltr'><strong>ad</strong></span> <span class='ocrx_word' id='word_1_55' title='bbox 1097 695 1233 750; x_wconf 86' lang='lat' dir='ltr'><strong>sanetum</strong></span> <span class='ocrx_word' id='word_1_56' title='bbox 1247 687 1418 762; x_wconf 76' lang='lat' dir='ltr'>perveniens</span> <span class='ocrx_word' id='word_1_57' title='bbox 1431 687 1541 760; x_wconf 87' lang='lat' dir='ltr'><strong>laeum,</strong></span> <span class='ocrx_word' id='word_1_58' title='bbox 1555 689 1673 747; x_wconf 86' lang='lat' dir='ltr'><strong>Domini</strong></span> <span class='ocrx_word' id='word_1_59' title='bbox 1684 691 1872 749; x_wconf 88' lang='lat' dir='ltr'><strong>miseratione</strong></span> 
     </span>
     <span class='ocr_line' id='line_1_6' title="bbox 164 776 1873 856; baseline 0 -20"><span class='ocrx_word' id='word_1_60' title='bbox 164 779 254 852; x_wconf 78' lang='lat' dir='ltr'><strong>ralyei</strong></span> <span class='ocrx_word' id='word_1_61' title='bbox 268 776 519 852; x_wconf 85' lang='lat' dir='ltr'><strong>valdegraviteret</strong></span> <span class='ocrx_word' id='word_1_62' title='bbox 533 778 583 834; x_wconf 92' lang='lat' dir='ltr'><strong>diu</strong></span> <span class='ocrx_word' id='word_1_63' title='bbox 599 781 785 845; x_wconf 69' lang='lat' dir='ltr'><strong>verniacum</strong></span> <span class='ocrx_word' id='word_1_64' title='bbox 800 779 928 851; x_wconf 87' lang='lat' dir='ltr'><strong>quadem</strong></span> <span class='ocrx_word' id='word_1_65' title='bbox 944 777 990 834; x_wconf 90' lang='lat' dir='ltr'><strong>die</strong></span> <span class='ocrx_word' id='word_1_66' title='bbox 1043 777 1155 854; x_wconf 80' lang='lat' dir='ltr'><strong>viribne</strong></span> <span class='ocrx_word' id='word_1_67' title='bbox 1170 778 1322 852; x_wconf 88' lang='lat' dir='ltr'><strong>reparetis,</strong></span> <span class='ocrx_word' id='word_1_68' title='bbox 1339 777 1402 835; x_wconf 90' lang='lat' dir='ltr'><strong>suis</strong></span> <span class='ocrx_word' id='word_1_69' title='bbox 1421 794 1454 856; x_wconf 87' lang='lat' dir='ltr'><strong>so</strong></span> <span class='ocrx_word' id='word_1_70' title='bbox 1477 778 1602 852; x_wconf 90' lang='lat' dir='ltr'><strong>pedibus</strong></span> <span class='ocrx_word' id='word_1_71' title='bbox 1619 795 1676 852; x_wconf 90' lang='lat' dir='ltr'><strong>qno</strong></span> <span class='ocrx_word' id='word_1_72' title='bbox 1700 778 1795 836; x_wconf 91' lang='lat' dir='ltr'><strong>veluit</strong></span> <span class='ocrx_word' id='word_1_73' title='bbox 1810 779 1873 854; x_wconf 88' lang='lat' dir='ltr'><strong>ipsa</strong></span> 
     </span>
     <span class='ocr_line' id='line_1_7' title="bbox 166 865 1186 938; baseline -0.003 -14"><span class='ocrx_word' id='word_1_74' title='bbox 166 867 318 924; x_wconf 87' lang='lat' dir='ltr'><strong>Dominica</strong></span> <span class='ocrx_word' id='word_1_75' title='bbox 329 883 361 924; x_wconf 91' lang='lat' dir='ltr'><strong>eo</strong></span> <span class='ocrx_word' id='word_1_76' title='bbox 373 867 500 924; x_wconf 87' lang='lat' dir='ltr'><strong>adducta</strong></span> <span class='ocrx_word' id='word_1_77' title='bbox 512 867 624 935; x_wconf 89' lang='lat' dir='ltr'><strong>luisset,</strong></span> <span class='ocrx_word' id='word_1_78' title='bbox 634 865 757 924; x_wconf 89' lang='lat' dir='ltr'><strong>etmulti</strong></span> <span class='ocrx_word' id='word_1_79' title='bbox 768 868 799 923; x_wconf 88' lang='lat' dir='ltr'><strong>in</strong></span> <span class='ocrx_word' id='word_1_80' title='bbox 814 867 916 924; x_wconf 89' lang='lat' dir='ltr'><strong>eedem</strong></span> <span class='ocrx_word' id='word_1_81' title='bbox 930 868 988 938; x_wconf 89' lang='lat' dir='ltr'><strong>dia,</strong></span> <span class='ocrx_word' id='word_1_82' title='bbox 1044 867 1186 924; x_wconf 76' lang='lat' dir='ltr'><strong>subvexit.</strong></span> 
     </span>
     <span class='ocr_line' id='line_1_8' title="bbox 164 953 1545 1042; baseline 0.001 -30"><span class='ocrx_word' id='word_1_83' title='bbox 164 959 276 1028; x_wconf 79' lang='lat' dir='ltr'>septem</span> <span class='ocrx_word' id='word_1_84' title='bbox 287 953 421 1012; x_wconf 89' lang='lat' dir='ltr'><strong>videlieet</strong></span> <span class='ocrx_word' id='word_1_85' title='bbox 434 953 478 1012; x_wconf 92' lang='lat' dir='ltr'><strong>vel</strong></span> <span class='ocrx_word' id='word_1_86' title='bbox 494 959 567 1024; x_wconf 91' lang='lat' dir='ltr'><strong>octo,</strong></span> <span class='ocrx_word' id='word_1_87' title='bbox 579 972 614 1012; x_wconf 85' lang='lat' dir='ltr'><strong>ex</strong></span> <span class='ocrx_word' id='word_1_88' title='bbox 626 955 749 1013; x_wconf 79' lang='lat' dir='ltr'><strong>diversis</strong></span> <span class='ocrx_word' id='word_1_89' title='bbox 759 955 854 1013; x_wconf 87' lang='lat' dir='ltr'><strong>curati</strong></span> <span class='ocrx_word' id='word_1_90' title='bbox 865 956 990 1014; x_wconf 87' lang='lat' dir='ltr'><strong>luissent</strong></span> <span class='ocrx_word' id='word_1_91' title='bbox 1370 983 1488 1041; x_wconf 66' lang='lat' dir='ltr'>CAPUT</span> <span class='ocrx_word' id='word_1_92' title='bbox 1509 983 1545 1042; x_wconf 69' lang='lat' dir='ltr'>w</span> 
     </span>
     <span class='ocr_line' id='line_1_9' title="bbox 163 1043 1594 1153; baseline 0.001 -52"><span class='ocrx_word' id='word_1_93' title='bbox 163 1043 404 1118; x_wconf 87' lang='lat' dir='ltr'><strong>languoribus,ac</strong></span> <span class='ocrx_word' id='word_1_94' title='bbox 419 1043 988 1118; x_wconf 80' lang='lat' dir='ltr'><strong>postmissacclebretionemhoeidom</strong></span> <span class='ocrx_word' id='word_1_95' title='bbox 1202 1098 1246 1153; x_wconf 63' lang='grc' dir='ltr'><strong>Δ,</strong></span> <span class='ocrx_word' id='word_1_96' title='bbox 1429 1101 1434 1112; x_wconf 85' lang='grc'>,</span> <span class='ocrx_word' id='word_1_97' title='bbox 1534 1101 1540 1112; x_wconf 76' lang='grc'>,</span> <span class='ocrx_word' id='word_1_98' title='bbox 1589 1102 1594 1113; x_wconf 83' lang='grc'>,</span> 
     </span>
     <span class='ocr_line' id='line_1_10' title="bbox 163 1100 1701 1208; baseline 0.002 -19"><span class='ocrx_word' id='word_1_99' title='bbox 163 1133 270 1206; x_wconf 89' lang='lat' dir='ltr'><strong>populo</strong></span> <span class='ocrx_word' id='word_1_100' title='bbox 280 1133 512 1201; x_wconf 87' lang='lat' dir='ltr'><strong>denuntiaretur,</strong></span> <span class='ocrx_word' id='word_1_101' title='bbox 520 1138 549 1190; x_wconf 88' lang='lat' dir='ltr'><strong>et</strong></span> <span class='ocrx_word' id='word_1_102' title='bbox 558 1150 610 1208; x_wconf 90' lang='lat' dir='ltr'><strong>pro</strong></span> <span class='ocrx_word' id='word_1_103' title='bbox 621 1133 760 1191; x_wconf 77' lang='lat' dir='ltr'><strong>exhibitis</strong></span> <span class='ocrx_word' id='word_1_104' title='bbox 771 1132 988 1192; x_wconf 85' lang='lat' dir='ltr'><strong>miraculistam</strong></span> <span class='ocrx_word' id='word_1_105' title='bbox 1224 1101 1264 1158; x_wconf 56' lang='grc' dir='ltr'>Μ</span> <span class='ocrx_word' id='word_1_106' title='bbox 1278 1116 1327 1156; x_wconf 63' lang='lat'><strong>³⁰²</strong></span> <span class='ocrx_word' id='word_1_107' title='bbox 1341 1101 1369 1156; x_wconf 71' lang='lat' dir='ltr'><strong>s·</strong></span> <span class='ocrx_word' id='word_1_108' title='bbox 1389 1100 1539 1160; x_wconf 55' lang='lat' dir='ltr'><strong>mmm</strong></span> <span class='ocrx_word' id='word_1_109' title='bbox 1553 1101 1701 1158; x_wconf 53' lang='lat' dir='ltr'><strong><em>’mmm&#39;</em></strong></span> 
     </span>
     <span class='ocr_line' id='line_1_11' title="bbox 163 1221 1872 1300; baseline 0.002 -22"><span class='ocrx_word' id='word_1_110' title='bbox 163 1221 257 1279; x_wconf 88' lang='lat' dir='ltr'><strong>clerus</strong></span> <span class='ocrx_word' id='word_1_111' title='bbox 267 1239 357 1296; x_wconf 89' lang='lat' dir='ltr'><strong>quem</strong></span> <span class='ocrx_word' id='word_1_112' title='bbox 372 1227 400 1279; x_wconf 91' lang='lat' dir='ltr'><strong>et</strong></span> <span class='ocrx_word' id='word_1_113' title='bbox 410 1221 536 1298; x_wconf 89' lang='lat' dir='ltr'><strong>populus</strong></span> <span class='ocrx_word' id='word_1_114' title='bbox 550 1222 652 1280; x_wconf 90' lang='lat' dir='ltr'><strong>laudes</strong></span> <span class='ocrx_word' id='word_1_115' title='bbox 666 1227 724 1280; x_wconf 88' lang='lat' dir='ltr'><strong>Deo</strong></span> <span class='ocrx_word' id='word_1_116' title='bbox 734 1222 848 1280; x_wconf 85' lang='lat' dir='ltr'><strong>debitas</strong></span> <span class='ocrx_word' id='word_1_117' title='bbox 858 1222 989 1280; x_wconf 90' lang='lat' dir='ltr'><strong>modula·</strong></span> <span class='ocrx_word' id='word_1_118' title='bbox 1078 1223 1204 1290; x_wconf 84' lang='lat' dir='ltr'><strong>Quidem</strong></span> <span class='ocrx_word' id='word_1_119' title='bbox 1218 1239 1286 1280; x_wconf 91' lang='lat' dir='ltr'><strong>vero</strong></span> <span class='ocrx_word' id='word_1_120' title='bbox 1311 1224 1400 1280; x_wconf 92' lang='lat' dir='ltr'><strong>homo</strong></span> <span class='ocrx_word' id='word_1_121' title='bbox 1415 1223 1564 1297; x_wconf 79' lang='lat' dir='ltr'><strong>indigena,</strong></span> <span class='ocrx_word' id='word_1_122' title='bbox 1579 1240 1670 1281; x_wconf 88' lang='lat' dir='ltr'><strong>causa</strong></span> <span class='ocrx_word' id='word_1_123' title='bbox 1689 1227 1872 1300; x_wconf 84' lang='lat' dir='ltr'><strong>paupertatis</strong></span> 
     </span>
     <span class='ocr_line' id='line_1_12' title="bbox 163 1310 1871 1386; baseline 0.002 -19"><span class='ocrx_word' id='word_1_124' title='bbox 163 1312 202 1368; x_wconf 92' lang='lat' dir='ltr'><strong>tis</strong></span> <span class='ocrx_word' id='word_1_125' title='bbox 217 1311 386 1369; x_wconf 70' lang='lat' dir='ltr'>decantaret</span> <span class='ocrx_word' id='word_1_126' title='bbox 401 1312 532 1381; x_wconf 90' lang='lat' dir='ltr'><strong>vocibns;</strong></span> <span class='ocrx_word' id='word_1_127' title='bbox 549 1311 646 1368; x_wconf 88' lang='lat' dir='ltr'><strong>subito</strong></span> <span class='ocrx_word' id='word_1_128' title='bbox 662 1311 727 1385; x_wconf 89' lang='lat' dir='ltr'><strong>ipsa</strong></span> <span class='ocrx_word' id='word_1_129' title='bbox 742 1328 757 1368; x_wconf 91' lang='lat' dir='ltr'><strong>e</strong></span> <span class='ocrx_word' id='word_1_130' title='bbox 772 1312 868 1368; x_wconf 89' lang='lat' dir='ltr'><strong>medio</strong></span> <span class='ocrx_word' id='word_1_131' title='bbox 889 1311 988 1384; x_wconf 89' lang='lat' dir='ltr'><strong>populi</strong></span> <span class='ocrx_word' id='word_1_132' title='bbox 1042 1310 1251 1369; x_wconf 87' lang='lat' dir='ltr'><strong>circumeundo</strong></span> <span class='ocrx_word' id='word_1_133' title='bbox 1262 1311 1603 1386; x_wconf 70' lang='lat' dir='ltr'><strong>stipendiaquerensad</strong></span> <span class='ocrx_word' id='word_1_134' title='bbox 1615 1313 1871 1372; x_wconf 88' lang='lat' dir='ltr'><strong>basilicamsencti</strong></span> 
     </span>
     <span class='ocr_line' id='line_1_13' title="bbox 162 1399 1872 1475; baseline 0.002 -18"><span class='ocrx_word' id='word_1_135' title='bbox 162 1416 296 1474; x_wconf 85' lang='lat' dir='ltr'><strong>surgens,</strong></span> <span class='ocrx_word' id='word_1_136' title='bbox 312 1401 348 1459; x_wconf 90' lang='lat' dir='ltr'><strong>ed</strong></span> <span class='ocrx_word' id='word_1_137' title='bbox 365 1401 474 1475; x_wconf 89' lang='lat' dir='ltr'><strong>gradus</strong></span> <span class='ocrx_word' id='word_1_138' title='bbox 496 1400 608 1466; x_wconf 88' lang='lat' dir='ltr'><strong>alteris,</strong></span> <span class='ocrx_word' id='word_1_139' title='bbox 625 1400 676 1457; x_wconf 91' lang='lat' dir='ltr'><strong>ubi</strong></span> <span class='ocrx_word' id='word_1_140' title='bbox 696 1399 745 1456; x_wconf 89' lang='lat' dir='ltr'><strong>alii</strong></span> <span class='ocrx_word' id='word_1_141' title='bbox 769 1401 868 1474; x_wconf 79' lang='lat' dir='ltr'><strong>aegroti</strong></span> <span class='ocrx_word' id='word_1_142' title='bbox 893 1401 988 1458; x_wconf 89' lang='lat' dir='ltr'><strong>sanati</strong></span> <span class='ocrx_word' id='word_1_143' title='bbox 1042 1400 1872 1474; x_wconf 74' lang='lat' dir='ltr'><strong>dudumcouveneretblexnndri:quibebebatliliestram</strong></span> 
     </span>
     <span class='ocr_line' id='line_1_14' title="bbox 158 1488 1872 1563; baseline 0.001 -18"><span class='ocrx_word' id='word_1_144' title='bbox 158 1489 307 1561; x_wconf 86' lang='lat' dir='ltr'><strong>jacebant,</strong></span> <span class='ocrx_word' id='word_1_145' title='bbox 325 1489 411 1562; x_wconf 86' lang='lat' dir='ltr'><strong>coepit</strong></span> <span class='ocrx_word' id='word_1_146' title='bbox 426 1505 586 1546; x_wconf 89' lang='lat' dir='ltr'><strong>accurrere.</strong></span> <span class='ocrx_word' id='word_1_147' title='bbox 598 1489 666 1555; x_wconf 78' lang='lat' dir='ltr'><strong>Qua</strong></span> <span class='ocrx_word' id='word_1_148' title='bbox 676 1505 743 1546; x_wconf 91' lang='lat' dir='ltr'><strong>eum</strong></span> <span class='ocrx_word' id='word_1_149' title='bbox 763 1488 987 1547; x_wconf 88' lang='lat' dir='ltr'><strong>aeircumstan-</strong></span> <span class='ocrx_word' id='word_1_150' title='bbox 1041 1505 1142 1546; x_wconf 85' lang='lat' dir='ltr'><strong>aecum</strong></span> <span class='ocrx_word' id='word_1_151' title='bbox 1157 1489 1387 1545; x_wconf 88' lang='lat' dir='ltr'><strong>circumeuntem</strong></span> <span class='ocrx_word' id='word_1_152' title='bbox 1396 1488 1620 1561; x_wconf 79' lang='lat' dir='ltr'><strong>cacam,etipse</strong></span> <span class='ocrx_word' id='word_1_153' title='bbox 1631 1505 1748 1563; x_wconf 89' lang='lat' dir='ltr'><strong>quoque</strong></span> <span class='ocrx_word' id='word_1_154' title='bbox 1759 1489 1872 1563; x_wconf 81' lang='lat' dir='ltr'><strong>duplici</strong></span> 
     </span>
     <span class='ocr_line' id='line_1_15' title="bbox 161 1575 1872 1652; baseline 0.001 -19"><span class='ocrx_word' id='word_1_155' title='bbox 161 1578 241 1635; x_wconf 89' lang='lat' dir='ltr'><strong>tibus</strong></span> <span class='ocrx_word' id='word_1_156' title='bbox 257 1595 293 1635; x_wconf 91' lang='lat' dir='ltr'><strong>ne</strong></span> <span class='ocrx_word' id='word_1_157' title='bbox 304 1579 333 1634; x_wconf 93' lang='lat' dir='ltr'><strong>in</strong></span> <span class='ocrx_word' id='word_1_158' title='bbox 344 1577 467 1634; x_wconf 90' lang='lat' dir='ltr'><strong>chorum</strong></span> <span class='ocrx_word' id='word_1_159' title='bbox 478 1577 649 1636; x_wconf 88' lang='lat' dir='ltr'><strong>clericorum</strong></span> <span class='ocrx_word' id='word_1_160' title='bbox 660 1577 827 1636; x_wconf 90' lang='lat' dir='ltr'><strong>canentium</strong></span> <span class='ocrx_word' id='word_1_161' title='bbox 838 1577 911 1636; x_wconf 80' lang='lat' dir='ltr'><strong>torte</strong></span> <span class='ocrx_word' id='word_1_162' title='bbox 921 1595 987 1652; x_wconf 91' lang='lat' dir='ltr'><strong>pre·</strong></span> <span class='ocrx_word' id='word_1_163' title='bbox 1041 1594 1127 1651; x_wconf 81' lang='lat' dir='ltr'><strong>paena</strong></span> <span class='ocrx_word' id='word_1_164' title='bbox 1141 1575 1235 1633; x_wconf 90' lang='lat' dir='ltr'><strong>multo</strong></span> <span class='ocrx_word' id='word_1_165' title='bbox 1249 1577 1732 1650; x_wconf 87' lang='lat' dir='ltr'><strong>temporeorbitantemsustinens,</strong></span> <span class='ocrx_word' id='word_1_166' title='bbox 1742 1578 1872 1636; x_wconf 89' lang='lat' dir='ltr'><strong>ubicum</strong></span> 
     </span>
     <span class='ocr_line' id='line_1_16' title="bbox 161 1663 1874 1740; baseline 0 -16"><span class='ocrx_word' id='word_1_167' title='bbox 161 1665 265 1736; x_wconf 88' lang='lat' dir='ltr'><strong>siliret,</strong></span> <span class='ocrx_word' id='word_1_168' title='bbox 275 1666 726 1740; x_wconf 84' lang='lat' dir='ltr'><strong>retinericoneretnr,ipsaqnod</strong></span> <span class='ocrx_word' id='word_1_169' title='bbox 737 1666 793 1724; x_wconf 87' lang='lat' dir='ltr'><strong>sibi</strong></span> <span class='ocrx_word' id='word_1_170' title='bbox 810 1672 986 1740; x_wconf 80' lang='lat' dir='ltr'><strong>preceptum</strong></span> <span class='ocrx_word' id='word_1_171' title='bbox 1041 1669 1234 1740; x_wconf 87' lang='lat' dir='ltr'><strong>morerentur,</strong></span> <span class='ocrx_word' id='word_1_172' title='bbox 1245 1663 1369 1737; x_wconf 90' lang='lat' dir='ltr'><strong>contigit</strong></span> <span class='ocrx_word' id='word_1_173' title='bbox 1383 1664 1496 1722; x_wconf 86' lang='lat' dir='ltr'><strong>meritis</strong></span> <span class='ocrx_word' id='word_1_174' title='bbox 1508 1667 1601 1722; x_wconf 90' lang='lat' dir='ltr'><strong>sancti</strong></span> <span class='ocrx_word' id='word_1_175' title='bbox 1617 1667 1787 1739; x_wconf 75' lang='lat' dir='ltr'><strong>predictam</strong></span> <span class='ocrx_word' id='word_1_176' title='bbox 1800 1666 1874 1724; x_wconf 86' lang='lat' dir='ltr'><strong>filie-</strong></span> 
     </span>
     <span class='ocr_line' id='line_1_17' title="bbox 163 1745 1872 1832; baseline 0.001 -19"><span class='ocrx_word' id='word_1_177' title='bbox 163 1755 259 1825; x_wconf 90' lang='lat' dir='ltr'><strong>luerit,</strong></span> <span class='ocrx_word' id='word_1_178' title='bbox 277 1761 417 1830; x_wconf 85' lang='lat' dir='ltr'><strong>queunte</strong></span> <span class='ocrx_word' id='word_1_179' title='bbox 433 1757 524 1813; x_wconf 89' lang='lat' dir='ltr'><strong>altare</strong></span> <span class='ocrx_word' id='word_1_180' title='bbox 548 1773 616 1813; x_wconf 88' lang='lat' dir='ltr'><strong>cum</strong></span> <span class='ocrx_word' id='word_1_181' title='bbox 640 1754 706 1813; x_wconf 90' lang='lat' dir='ltr'><strong>aliis</strong></span> <span class='ocrx_word' id='word_1_182' title='bbox 729 1773 793 1812; x_wconf 89' lang='lat' dir='ltr'><strong>sese</strong></span> <span class='ocrx_word' id='word_1_183' title='bbox 818 1755 983 1825; x_wconf 87' lang='lat' dir='ltr'><strong>collocaret,</strong></span> <span class='ocrx_word' id='word_1_184' title='bbox 1041 1761 1134 1812; x_wconf 88' lang='lat' dir='ltr'><strong>atram</strong></span> <span class='ocrx_word' id='word_1_185' title='bbox 1149 1755 1243 1828; x_wconf 90' lang='lat' dir='ltr'><strong>ipsius</strong></span> <span class='ocrx_word' id='word_1_186' title='bbox 1259 1753 1348 1812; x_wconf 90' lang='lat' dir='ltr'><strong>unius</strong></span> <span class='ocrx_word' id='word_1_187' title='bbox 1371 1752 1448 1812; x_wconf 93' lang='lat' dir='ltr'><strong>oculi</strong></span> <span class='ocrx_word' id='word_1_188' title='bbox 1463 1753 1607 1832; x_wconf 78' lang='lat' dir='ltr'><strong>visionem</strong></span> <span class='ocrx_word' id='word_1_189' title='bbox 1631 1745 1793 1829; x_wconf 68' lang='lat' dir='ltr'><strong>percipere.</strong></span> <span class='ocrx_word' id='word_1_190' title='bbox 1808 1757 1872 1822; x_wconf 85' lang='lat' dir='ltr'><strong>Ouo</strong></span> 
     </span>
    </p>
   </div>
   <div class='ocr_carea' id='block_1_3' title="bbox 161 1841 1983 1926">
    <p class='ocr_par' dir='ltr' id='par_1_3' title="bbox 161 1841 1983 1926">
     <span class='ocr_line' id='line_1_18' title="bbox 161 1841 1983 1926; baseline 0.001 -26"><span class='ocrx_word' id='word_1_191' title='bbox 161 1845 254 1902; x_wconf 87' lang='lat' dir='ltr'><strong>menti</strong></span> <span class='ocrx_word' id='word_1_192' title='bbox 278 1844 366 1901; x_wconf 89' lang='lat' dir='ltr'><strong>alacri</strong></span> <span class='ocrx_word' id='word_1_193' title='bbox 390 1845 545 1902; x_wconf 85' lang='lat' dir='ltr'><strong>letabatur.</strong></span> <span class='ocrx_word' id='word_1_194' title='bbox 561 1845 665 1900; x_wconf 85' lang='lat' dir='ltr'><strong>Visum</strong></span> <span class='ocrx_word' id='word_1_195' title='bbox 690 1860 818 1916; x_wconf 86' lang='lat' dir='ltr'><strong>nemque</strong></span> <span class='ocrx_word' id='word_1_196' title='bbox 844 1844 986 1902; x_wconf 81' lang='lat' dir='ltr'><strong>siluerat</strong></span> <span class='ocrx_word' id='word_1_197' title='bbox 1042 1841 1296 1916; x_wconf 85' lang='lat' dir='ltr'><strong>douoexbilereti‚</strong></span> <span class='ocrx_word' id='word_1_198' title='bbox 1312 1841 1451 1900; x_wconf 84' lang='lat' dir='ltr'><strong>ulteriore</strong></span> <span class='ocrx_word' id='word_1_199' title='bbox 1472 1844 1699 1918; x_wconf 76' lang='lat' dir='ltr'><strong>progredientes,</strong></span> <span class='ocrx_word' id='word_1_200' title='bbox 1715 1845 1751 1902; x_wconf 84' lang='lat' dir='ltr'><strong>nd</strong></span> <span class='ocrx_word' id='word_1_201' title='bbox 1767 1850 1871 1902; x_wconf 84' lang='lat' dir='ltr'><strong>orato-</strong></span> <span class='ocrx_word' id='word_1_202' title='bbox 1980 1920 1983 1926; x_wconf 26' lang='grc' dir='ltr'><strong><em>Ι</em></strong></span> 
     </span>
    </p>
   </div>
   <div class='ocr_carea' id='block_1_4' title="bbox 158 1931 1871 2629">
    <p class='ocr_par' dir='ltr' id='par_1_4' title="bbox 159 1931 1871 2539">
     <span class='ocr_line' id='line_1_19' title="bbox 161 1931 1871 2006; baseline -0.001 -17"><span class='ocrx_word' id='word_1_203' title='bbox 161 1933 238 2006; x_wconf 91' lang='lat' dir='ltr'><strong>quod</strong></span> <span class='ocrx_word' id='word_1_204' title='bbox 255 1934 392 1990; x_wconf 90' lang='lat' dir='ltr'><strong>sacerdos</strong></span> <span class='ocrx_word' id='word_1_205' title='bbox 406 1933 457 2006; x_wconf 92' lang='lat' dir='ltr'><strong>qui</strong></span> <span class='ocrx_word' id='word_1_206' title='bbox 472 1934 507 1989; x_wconf 91' lang='lat' dir='ltr'><strong>de</strong></span> <span class='ocrx_word' id='word_1_207' title='bbox 523 1931 648 1988; x_wconf 89' lang='lat' dir='ltr'><strong>eliorum</strong></span> <span class='ocrx_word' id='word_1_208' title='bbox 669 1931 794 1989; x_wconf 84' lang='lat' dir='ltr'><strong>sanitate</strong></span> <span class='ocrx_word' id='word_1_209' title='bbox 815 1932 923 2006; x_wconf 88' lang='lat' dir='ltr'><strong>populo</strong></span> <span class='ocrx_word' id='word_1_210' title='bbox 934 1951 987 1990; x_wconf 88' lang='lat' dir='ltr'><strong>en·</strong></span> <span class='ocrx_word' id='word_1_211' title='bbox 1040 1933 1319 2006; x_wconf 87' lang='lat' dir='ltr'><strong>rinmpervenerunt</strong></span> <span class='ocrx_word' id='word_1_212' title='bbox 1330 1933 1486 1989; x_wconf 82' lang='lat' dir='ltr'><strong>bremense</strong></span> <span class='ocrx_word' id='word_1_213' title='bbox 1499 1950 1506 1988; x_wconf 90' lang='lat'>:</span> <span class='ocrx_word' id='word_1_214' title='bbox 1520 1932 1570 1988; x_wconf 90' lang='lat' dir='ltr'><strong>ubi</strong></span> <span class='ocrx_word' id='word_1_215' title='bbox 1583 1933 1613 1988; x_wconf 93' lang='lat' dir='ltr'><strong>in</strong></span> <span class='ocrx_word' id='word_1_216' title='bbox 1624 1932 1754 1990; x_wconf 86' lang='lat' dir='ltr'><strong>oratione</strong></span> <span class='ocrx_word' id='word_1_217' title='bbox 1766 1934 1871 2006; x_wconf 85' lang='lat' dir='ltr'><strong>positi,</strong></span> 
     </span>
     <span class='ocr_line' id='line_1_20' title="bbox 161 2019 1871 2096; baseline 0.001 -20"><span class='ocrx_word' id='word_1_218' title='bbox 161 2021 355 2088; x_wconf 88' lang='lat' dir='ltr'><strong>nuntiaverat,</strong></span> <span class='ocrx_word' id='word_1_219' title='bbox 372 2021 397 2076; x_wconf 92' lang='lat' dir='ltr'><strong>ei</strong></span> <span class='ocrx_word' id='word_1_220' title='bbox 414 2037 531 2094; x_wconf 91' lang='lat' dir='ltr'><strong>quoque</strong></span> <span class='ocrx_word' id='word_1_221' title='bbox 546 2023 578 2076; x_wconf 93' lang='lat' dir='ltr'><strong>ut</strong></span> <span class='ocrx_word' id='word_1_222' title='bbox 598 2037 723 2096; x_wconf 82' lang='lat' dir='ltr'><strong>surgens</strong></span> <span class='ocrx_word' id='word_1_223' title='bbox 737 2038 806 2078; x_wconf 91' lang='lat' dir='ltr'><strong>eum</strong></span> <span class='ocrx_word' id='word_1_224' title='bbox 821 2021 932 2079; x_wconf 78' lang='lat' dir='ltr'><strong>caeteris</strong></span> <span class='ocrx_word' id='word_1_225' title='bbox 950 2023 986 2078; x_wconf 88' lang='lat' dir='ltr'><strong>ad</strong></span> <span class='ocrx_word' id='word_1_226' title='bbox 1041 2019 1871 2094; x_wconf 82' lang='lat' dir='ltr'><strong>beetiWillehcdiintercessionemultiplioieuntloenore</strong></span> 
     </span>
     <span class='ocr_line' id='line_1_21' title="bbox 162 2107 1871 2183; baseline 0.001 -18"><span class='ocrx_word' id='word_1_227' title='bbox 162 2109 252 2166; x_wconf 88' lang='lat' dir='ltr'><strong>altere</strong></span> <span class='ocrx_word' id='word_1_228' title='bbox 264 2109 431 2182; x_wconf 85' lang='lat' dir='ltr'><strong>procederet</strong></span> <span class='ocrx_word' id='word_1_229' title='bbox 441 2126 530 2166; x_wconf 90' lang='lat' dir='ltr'><strong>mauu</strong></span> <span class='ocrx_word' id='word_1_230' title='bbox 540 2109 781 2182; x_wconf 80' lang='lat' dir='ltr'><strong>annuerittlujua</strong></span> <span class='ocrx_word' id='word_1_231' title='bbox 792 2109 935 2183; x_wconf 89' lang='lat' dir='ltr'><strong>requisita</strong></span> <span class='ocrx_word' id='word_1_232' title='bbox 945 2109 987 2168; x_wconf 91' lang='lat' dir='ltr'><strong>in·</strong></span> <span class='ocrx_word' id='word_1_233' title='bbox 1040 2108 1136 2166; x_wconf 85' lang='lat' dir='ltr'><strong>ditati.</strong></span> <span class='ocrx_word' id='word_1_234' title='bbox 1144 2109 1216 2166; x_wconf 88' lang='lat' dir='ltr'><strong>Nem</strong></span> <span class='ocrx_word' id='word_1_235' title='bbox 1224 2115 1252 2165; x_wconf 85' lang='lat' dir='ltr'><strong>et</strong></span> <span class='ocrx_word' id='word_1_236' title='bbox 1262 2109 1325 2182; x_wconf 90' lang='lat' dir='ltr'><strong>ipse</strong></span> <span class='ocrx_word' id='word_1_237' title='bbox 1335 2107 1491 2166; x_wconf 88' lang='lat' dir='ltr'><strong>amborum</strong></span> <span class='ocrx_word' id='word_1_238' title='bbox 1502 2109 1646 2166; x_wconf 87' lang='lat' dir='ltr'><strong>visionem</strong></span> <span class='ocrx_word' id='word_1_239' title='bbox 1659 2111 1790 2183; x_wconf 77' lang='lat' dir='ltr'><strong>percepit</strong></span> <span class='ocrx_word' id='word_1_240' title='bbox 1800 2127 1871 2167; x_wconf 91' lang='lat' dir='ltr'><strong>ecu-</strong></span> 
     </span>
     <span class='ocr_line' id='line_1_22' title="bbox 161 2196 1870 2276; baseline 0.001 -22"><span class='ocrx_word' id='word_1_241' title='bbox 161 2198 298 2256; x_wconf 83' lang='lat' dir='ltr'><strong>llrmitete</strong></span> <span class='ocrx_word' id='word_1_242' title='bbox 314 2215 347 2255; x_wconf 90' lang='lat' dir='ltr'><strong>eo</strong></span> <span class='ocrx_word' id='word_1_243' title='bbox 367 2197 491 2256; x_wconf 88' lang='lat' dir='ltr'><strong>sanitate</strong></span> <span class='ocrx_word' id='word_1_244' title='bbox 515 2198 668 2272; x_wconf 79' lang='lat' dir='ltr'><strong>patefacte,</strong></span> <span class='ocrx_word' id='word_1_245' title='bbox 684 2215 787 2255; x_wconf 87' lang='lat' dir='ltr'><strong>omncs</strong></span> <span class='ocrx_word' id='word_1_246' title='bbox 802 2199 837 2256; x_wconf 90' lang='lat' dir='ltr'><strong>ed</strong></span> <span class='ocrx_word' id='word_1_247' title='bbox 862 2198 985 2256; x_wconf 89' lang='lat' dir='ltr'><strong>laudan·</strong></span> <span class='ocrx_word' id='word_1_248' title='bbox 1040 2198 1147 2267; x_wconf 91' lang='lat' dir='ltr'><strong>lorum,</strong></span> <span class='ocrx_word' id='word_1_249' title='bbox 1163 2201 1192 2254; x_wconf 92' lang='lat' dir='ltr'><strong>et</strong></span> <span class='ocrx_word' id='word_1_250' title='bbox 1207 2197 1330 2254; x_wconf 83' lang='lat' dir='ltr'><strong>filiastra</strong></span> <span class='ocrx_word' id='word_1_251' title='bbox 1345 2197 1444 2276; x_wconf 70' lang='lat' dir='ltr'><strong>ipsine⁴</strong></span> <span class='ocrx_word' id='word_1_252' title='bbox 1454 2196 1575 2254; x_wconf 88' lang='lat' dir='ltr'><strong>alterius</strong></span> <span class='ocrx_word' id='word_1_253' title='bbox 1587 2205 1704 2272; x_wconf 88' lang='lat' dir='ltr'><strong>quoqne</strong></span> <span class='ocrx_word' id='word_1_254' title='bbox 1720 2197 1870 2255; x_wconf 89' lang='lat' dir='ltr'><strong>illumine-</strong></span> 
     </span>
     <span class='ocr_line' id='line_1_23' title="bbox 160 2285 1871 2362; baseline 0.001 -18"><span class='ocrx_word' id='word_1_255' title='bbox 160 2287 228 2344; x_wconf 90' lang='lat' dir='ltr'><strong>dem</strong></span> <span class='ocrx_word' id='word_1_256' title='bbox 243 2287 459 2359; x_wconf 87' lang='lat' dir='ltr'><strong>omnipotentiae</strong></span> <span class='ocrx_word' id='word_1_257' title='bbox 471 2285 576 2342; x_wconf 76' lang='lat' dir='ltr'><strong>divinae</strong></span> <span class='ocrx_word' id='word_1_258' title='bbox 589 2288 784 2359; x_wconf 87' lang='lat' dir='ltr'><strong>majestatem,</strong></span> <span class='ocrx_word' id='word_1_259' title='bbox 797 2291 884 2360; x_wconf 90' lang='lat' dir='ltr'><strong>atque</strong></span> <span class='ocrx_word' id='word_1_260' title='bbox 898 2288 986 2346; x_wconf 81' lang='lat' dir='ltr'><strong>entel-</strong></span> <span class='ocrx_word' id='word_1_261' title='bbox 1041 2287 1118 2362; x_wconf 85' lang='lat' dir='ltr'><strong>tione</strong></span> <span class='ocrx_word' id='word_1_262' title='bbox 1142 2290 1187 2344; x_wconf 90' lang='lat' dir='ltr'><strong>est</strong></span> <span class='ocrx_word' id='word_1_263' title='bbox 1212 2287 1322 2360; x_wconf 88' lang='lat' dir='ltr'><strong>gavisa.</strong></span> <span class='ocrx_word' id='word_1_264' title='bbox 1339 2287 1419 2351; x_wconf 85' lang='lat' dir='ltr'><strong>Quod</strong></span> <span class='ocrx_word' id='word_1_265' title='bbox 1442 2302 1509 2342; x_wconf 92' lang='lat' dir='ltr'><strong>eum</strong></span> <span class='ocrx_word' id='word_1_266' title='bbox 1534 2285 1668 2344; x_wconf 85' lang='lat' dir='ltr'><strong>fidelium</strong></span> <span class='ocrx_word' id='word_1_267' title='bbox 1693 2288 1744 2360; x_wconf 93' lang='lat' dir='ltr'><strong>qui</strong></span> <span class='ocrx_word' id='word_1_268' title='bbox 1768 2288 1871 2346; x_wconf 84' lang='lat' dir='ltr'><strong>adlue-</strong></span> 
     </span>
     <span class='ocr_line' id='line_1_24' title="bbox 160 2373 1869 2451; baseline 0 -19"><span class='ocrx_word' id='word_1_269' title='bbox 160 2374 248 2432; x_wconf 88' lang='lat' dir='ltr'><strong>lenda</strong></span> <span class='ocrx_word' id='word_1_270' title='bbox 258 2374 422 2431; x_wconf 80' lang='lat' dir='ltr'><strong>beatissimi</strong></span> <span class='ocrx_word' id='word_1_271' title='bbox 432 2373 486 2430; x_wconf 90' lang='lat' dir='ltr'><strong>viri</strong></span> <span class='ocrx_word' id='word_1_272' title='bbox 497 2375 612 2442; x_wconf 87' lang='lat' dir='ltr'><strong>merite,</strong></span> <span class='ocrx_word' id='word_1_273' title='bbox 622 2379 703 2432; x_wconf 90' lang='lat' dir='ltr'><strong>tento</strong></span> <span class='ocrx_word' id='word_1_274' title='bbox 714 2375 884 2446; x_wconf 88' lang='lat' dir='ltr'><strong>instantius,</strong></span> <span class='ocrx_word' id='word_1_275' title='bbox 895 2393 987 2451; x_wconf 90' lang='lat' dir='ltr'><strong>quen·</strong></span> <span class='ocrx_word' id='word_1_276' title='bbox 1039 2381 1106 2434; x_wconf 89' lang='lat' dir='ltr'><strong>rant</strong></span> <span class='ocrx_word' id='word_1_277' title='bbox 1118 2376 1341 2433; x_wconf 82' lang='lat' dir='ltr'><strong>denuntiaretur</strong></span> <span class='ocrx_word' id='word_1_278' title='bbox 1355 2374 1534 2444; x_wconf 85' lang='lat' dir='ltr'><strong>testimonia,</strong></span> <span class='ocrx_word' id='word_1_279' title='bbox 1550 2374 1634 2449; x_wconf 89' lang='lat' dir='ltr'><strong>plebs</strong></span> <span class='ocrx_word' id='word_1_280' title='bbox 1649 2375 1748 2431; x_wconf 90' lang='lat' dir='ltr'><strong>omnis</strong></span> <span class='ocrx_word' id='word_1_281' title='bbox 1768 2375 1869 2434; x_wconf 77' lang='lat' dir='ltr'><strong>exsul-</strong></span> 
     </span>
     <span class='ocr_line' id='line_1_25' title="bbox 159 2463 1440 2539; baseline -0.001 -19"><span class='ocrx_word' id='word_1_282' title='bbox 159 2469 189 2521; x_wconf 90' lang='lat' dir='ltr'><strong>to</strong></span> <span class='ocrx_word' id='word_1_283' title='bbox 211 2467 239 2520; x_wconf 89' lang='lat' dir='ltr'><strong>et</strong></span> <span class='ocrx_word' id='word_1_284' title='bbox 264 2464 368 2520; x_wconf 89' lang='lat' dir='ltr'><strong>iterata</strong></span> <span class='ocrx_word' id='word_1_285' title='bbox 389 2464 496 2520; x_wconf 90' lang='lat' dir='ltr'><strong>virtute</strong></span> <span class='ocrx_word' id='word_1_286' title='bbox 520 2463 688 2536; x_wconf 77' lang='lat' dir='ltr'><strong>optabilius,</strong></span> <span class='ocrx_word' id='word_1_287' title='bbox 705 2465 791 2522; x_wconf 85' lang='lat' dir='ltr'><strong>corde</strong></span> <span class='ocrx_word' id='word_1_288' title='bbox 816 2467 984 2539; x_wconf 88' lang='lat' dir='ltr'><strong>compuncti</strong></span> <span class='ocrx_word' id='word_1_289' title='bbox 1038 2466 1128 2524; x_wconf 86' lang='lat' dir='ltr'><strong>tando</strong></span> <span class='ocrx_word' id='word_1_290' title='bbox 1143 2465 1260 2522; x_wconf 89' lang='lat' dir='ltr'><strong>leudem</strong></span> <span class='ocrx_word' id='word_1_291' title='bbox 1275 2464 1334 2520; x_wconf 84' lang='lat' dir='ltr'><strong>lieo</strong></span> <span class='ocrx_word' id='word_1_292' title='bbox 1350 2464 1440 2522; x_wconf 89' lang='lat' dir='ltr'><strong>dedit.</strong></span> 
     </span>
    </p>

    <p class='ocr_par' dir='ltr' id='par_1_5' title="bbox 158 2550 1867 2629">
     <span class='ocr_line' id='line_1_26' title="bbox 158 2550 1867 2629; baseline 0.002 -22"><span class='ocrx_word' id='word_1_293' title='bbox 158 2550 354 2627; x_wconf 76' lang='lat' dir='ltr'><strong>lacrymisque</strong></span> <span class='ocrx_word' id='word_1_294' title='bbox 370 2568 427 2626; x_wconf 78' lang='lat' dir='ltr'><strong>pre</strong></span> <span class='ocrx_word' id='word_1_295' title='bbox 441 2551 549 2626; x_wconf 87' lang='lat' dir='ltr'><strong>gaudio</strong></span> <span class='ocrx_word' id='word_1_296' title='bbox 565 2553 675 2610; x_wconf 87' lang='lat' dir='ltr'><strong>obortis</strong></span> <span class='ocrx_word' id='word_1_297' title='bbox 688 2553 785 2611; x_wconf 90' lang='lat' dir='ltr'><strong>denno</strong></span> <span class='ocrx_word' id='word_1_298' title='bbox 801 2553 984 2629; x_wconf 87' lang='lat' dir='ltr'><strong>elecresper-</strong></span> <span class='ocrx_word' id='word_1_299' title='bbox 1073 2555 1214 2611; x_wconf 77' lang='lat' dir='ltr'><strong>Praeterea</strong></span> <span class='ocrx_word' id='word_1_300' title='bbox 1223 2571 1257 2612; x_wconf 83' lang='lat' dir='ltr'><strong>ex</strong></span> <span class='ocrx_word' id='word_1_301' title='bbox 1267 2569 1342 2627; x_wconf 87' lang='lat' dir='ltr'><strong>pago</strong></span> <span class='ocrx_word' id='word_1_302' title='bbox 1349 2552 1625 2626; x_wconf 83' lang='lat' dir='ltr'><strong>Nordwidequldam</strong></span> <span class='ocrx_word' id='word_1_303' title='bbox 1637 2553 1726 2610; x_wconf 93' lang='lat' dir='ltr'><strong>homo</strong></span> <span class='ocrx_word' id='word_1_304' title='bbox 1738 2553 1776 2610; x_wconf 88' lang='lat' dir='ltr'><strong>sd</strong></span> <span class='ocrx_word' id='word_1_305' title='bbox 1786 2555 1867 2610; x_wconf 91' lang='lat' dir='ltr'><strong>limi-</strong></span> 
     </span>
    </p>
   </div>
   <div class='ocr_carea' id='block_1_5' title="bbox 74 2642 1869 2716">
    <p class='ocr_par' dir='ltr' id='par_1_6' title="bbox 74 2642 1869 2716">
     <span class='ocr_line' id='line_1_27' title="bbox 74 2642 1869 2716; baseline -0.001 -16"><span class='ocrx_word' id='word_1_306' title='bbox 74 2673 87 2692; x_wconf 62' lang='grc' dir='ltr'><em>ι</em></span> <span class='ocrx_word' id='word_1_307' title='bbox 157 2645 330 2700; x_wconf 84' lang='lat' dir='ltr'><strong>sonuerunt.</strong></span> <span class='ocrx_word' id='word_1_308' title='bbox 1037 2642 1869 2716; x_wconf 76' lang='lat' dir='ltr'><strong>rememoratimertyrisolimtransieratAlexandri,qni</strong></span> 
     </span>
    </p>
   </div>
   <div class='ocr_carea' id='block_1_6' title="bbox 148 2725 1872 5570">
    <p class='ocr_par' dir='ltr' id='par_1_7' title="bbox 148 2725 1872 5570">
     <span class='ocr_line' id='line_1_28' title="bbox 149 2725 1869 2805; baseline -0.002 -15"><span class='ocrx_word' id='word_1_309' title='bbox 149 2780 151 2790; x_wconf 88' lang='grc'><em>,</em></span> <span class='ocrx_word' id='word_1_310' title='bbox 192 2731 983 2805; x_wconf 77' lang='lat' dir='ltr'><strong>DeniqueexWaldsatisquradamluitleminedevilla</strong></span> <span class='ocrx_word' id='word_1_311' title='bbox 1036 2731 1287 2790; x_wconf 88' lang='lat' dir='ltr'><strong>mutussimulet</strong></span> <span class='ocrx_word' id='word_1_312' title='bbox 1307 2732 1417 2789; x_wconf 88' lang='lat' dir='ltr'><strong>surdus</strong></span> <span class='ocrx_word' id='word_1_313' title='bbox 1438 2731 1551 2789; x_wconf 91' lang='lat' dir='ltr'><strong>diutine</strong></span> <span class='ocrx_word' id='word_1_314' title='bbox 1575 2725 1869 2789; x_wconf 87' lang='lat' dir='ltr'><strong>laboreebinlantia</strong></span> 
     </span>
     <span class='ocr_line' id='line_1_29' title="bbox 155 2815 1868 2896; baseline 0.001 -18"><span class='ocrx_word' id='word_1_315' title='bbox 155 2819 364 2889; x_wconf 89' lang='lat' dir='ltr'><strong>Willienstedi,</strong></span> <span class='ocrx_word' id='word_1_316' title='bbox 377 2819 495 2877; x_wconf 91' lang='lat' dir='ltr'><strong>nomine</strong></span> <span class='ocrx_word' id='word_1_317' title='bbox 507 2819 598 2889; x_wconf 85' lang='lat' dir='ltr'><strong>ikkia,</strong></span> <span class='ocrx_word' id='word_1_318' title='bbox 610 2837 674 2896; x_wconf 82' lang='lat' dir='ltr'><strong>qne</strong></span> <span class='ocrx_word' id='word_1_319' title='bbox 685 2825 796 2895; x_wconf 86' lang='lat' dir='ltr'><strong>septem</strong></span> <span class='ocrx_word' id='word_1_320' title='bbox 807 2822 893 2879; x_wconf 88' lang='lat' dir='ltr'><strong>annis</strong></span> <span class='ocrx_word' id='word_1_321' title='bbox 901 2822 982 2880; x_wconf 75' lang='lat' dir='ltr'><strong>visus</strong></span> <span class='ocrx_word' id='word_1_322' title='bbox 1037 2821 1197 2880; x_wconf 76' lang='lat' dir='ltr'><strong>miserabili</strong></span> <span class='ocrx_word' id='word_1_323' title='bbox 1207 2821 1373 2895; x_wconf 88' lang='lat' dir='ltr'><strong>potiebatur</strong></span> <span class='ocrx_word' id='word_1_324' title='bbox 1381 2821 1541 2890; x_wconf 87' lang='lat' dir='ltr'><strong>vexatione,</strong></span> <span class='ocrx_word' id='word_1_325' title='bbox 1549 2818 1662 2877; x_wconf 89' lang='lat' dir='ltr'><strong>meritis</strong></span> <span class='ocrx_word' id='word_1_326' title='bbox 1670 2815 1787 2893; x_wconf 72' lang='lat' dir='ltr'><strong>prelati</strong></span> <span class='ocrx_word' id='word_1_327' title='bbox 1795 2819 1868 2879; x_wconf 84' lang='lat' dir='ltr'><strong>bler-</strong></span> 
     </span>
     <span class='ocr_line' id='line_1_30' title="bbox 156 2909 1865 2990; baseline -0.001 -22"><span class='ocrx_word' id='word_1_328' title='bbox 156 2909 419 2968; x_wconf 81' lang='lat' dir='ltr'><strong>lueretcaecitatem</strong></span> <span class='ocrx_word' id='word_1_329' title='bbox 435 2926 573 2982; x_wconf 86' lang='lat' dir='ltr'><strong>perpesse</strong></span> <span class='ocrx_word' id='word_1_330' title='bbox 584 2909 768 2967; x_wconf 90' lang='lat' dir='ltr'><strong>:cuicemde</strong></span> <span class='ocrx_word' id='word_1_331' title='bbox 777 2911 895 2983; x_wconf 84' lang='lat' dir='ltr'><strong>praelate</strong></span> <span class='ocrx_word' id='word_1_332' title='bbox 918 2910 981 2969; x_wconf 92' lang='lat' dir='ltr'><strong>leco</strong></span> <span class='ocrx_word' id='word_1_333' title='bbox 1035 2912 1108 2988; x_wconf 80' lang='lat' dir='ltr'><strong>tyris</strong></span> <span class='ocrx_word' id='word_1_334' title='bbox 1123 2911 1258 2968; x_wconf 85' lang='lat' dir='ltr'><strong>auditum</strong></span> <span class='ocrx_word' id='word_1_335' title='bbox 1278 2910 1416 2983; x_wconf 80' lang='lat' dir='ltr'><strong>percepit.</strong></span> <span class='ocrx_word' id='word_1_336' title='bbox 1433 2909 1515 2966; x_wconf 88' lang='lat' dir='ltr'><strong>Ultra</strong></span> <span class='ocrx_word' id='word_1_337' title='bbox 1537 2926 1607 2990; x_wconf 87' lang='lat' dir='ltr'><strong>vero</strong></span> <span class='ocrx_word' id='word_1_338' title='bbox 1632 2909 1768 2975; x_wconf 72' lang='lat' dir='ltr'><strong>madens,</strong></span> <span class='ocrx_word' id='word_1_339' title='bbox 1786 2915 1817 2966; x_wconf 89' lang='lat' dir='ltr'><strong>et</strong></span> <span class='ocrx_word' id='word_1_340' title='bbox 1830 2910 1865 2966; x_wconf 83' lang='lat' dir='ltr'><strong>ad</strong></span> 
     </span>
     <span class='ocr_line' id='line_1_31' title="bbox 156 2996 1867 3074; baseline -0.001 -18"><span class='ocrx_word' id='word_1_341' title='bbox 156 2999 245 3072; x_wconf 88' lang='lat' dir='ltr'><strong>signe</strong></span> <span class='ocrx_word' id='word_1_342' title='bbox 260 2996 470 3056; x_wconf 87' lang='lat' dir='ltr'><strong>miraculorum</strong></span> <span class='ocrx_word' id='word_1_343' title='bbox 482 2998 545 3070; x_wconf 88' lang='lat' dir='ltr'><strong>jem</strong></span> <span class='ocrx_word' id='word_1_344' title='bbox 556 2998 635 3054; x_wconf 84' lang='lat' dir='ltr'><strong>lame</strong></span> <span class='ocrx_word' id='word_1_345' title='bbox 646 2997 786 3072; x_wconf 86' lang='lat' dir='ltr'><strong>vulgante</strong></span> <span class='ocrx_word' id='word_1_346' title='bbox 797 2999 905 3074; x_wconf 87' lang='lat' dir='ltr'><strong>ubique</strong></span> <span class='ocrx_word' id='word_1_347' title='bbox 917 3017 981 3074; x_wconf 90' lang='lat' dir='ltr'><strong>per·</strong></span> <span class='ocrx_word' id='word_1_348' title='bbox 1036 2999 1187 3058; x_wconf 89' lang='lat' dir='ltr'><strong>basilicam</strong></span> <span class='ocrx_word' id='word_1_349' title='bbox 1209 2999 1375 3056; x_wconf 78' lang='lat' dir='ltr'><strong>bremensis</strong></span> <span class='ocrx_word' id='word_1_350' title='bbox 1398 2996 1532 3054; x_wconf 77' lang='lat' dir='ltr'><strong>Ecclesia</strong></span> <span class='ocrx_word' id='word_1_351' title='bbox 1557 2997 1743 3070; x_wconf 87' lang='lat' dir='ltr'><strong>perveniens,</strong></span> <span class='ocrx_word' id='word_1_352' title='bbox 1760 2999 1867 3054; x_wconf 79' lang='lat' dir='ltr'><strong>divine</strong></span> 
     </span>
     <span class='ocr_line' id='line_1_32' title="bbox 155 3085 1867 3162; baseline 0.001 -18"><span class='ocrx_word' id='word_1_353' title='bbox 155 3088 382 3154; x_wconf 82' lang='lat' dir='ltr'><strong>crebrescerent,</strong></span> <span class='ocrx_word' id='word_1_354' title='bbox 398 3087 533 3160; x_wconf 83' lang='lat' dir='ltr'><strong>quaedam</strong></span> <span class='ocrx_word' id='word_1_355' title='bbox 546 3087 641 3144; x_wconf 88' lang='lat' dir='ltr'><strong>vicina</strong></span> <span class='ocrx_word' id='word_1_356' title='bbox 653 3105 708 3144; x_wconf 88' lang='lat' dir='ltr'><strong>sua</strong></span> <span class='ocrx_word' id='word_1_357' title='bbox 717 3089 872 3148; x_wconf 83' lang='lat' dir='ltr'><strong>exhortans</strong></span> <span class='ocrx_word' id='word_1_358' title='bbox 883 3088 955 3146; x_wconf 85' lang='lat' dir='ltr'><strong>dixit</strong></span> <span class='ocrx_word' id='word_1_359' title='bbox 969 3107 976 3148; x_wconf 90' lang='lat'>:</span> <span class='ocrx_word' id='word_1_360' title='bbox 1035 3087 1179 3162; x_wconf 87' lang='lat' dir='ltr'><strong>largitatis</strong></span> <span class='ocrx_word' id='word_1_361' title='bbox 1195 3085 1350 3144; x_wconf 88' lang='lat' dir='ltr'><strong>clementia</strong></span> <span class='ocrx_word' id='word_1_362' title='bbox 1370 3086 1450 3160; x_wconf 90' lang='lat' dir='ltr'><strong>loqui</strong></span> <span class='ocrx_word' id='word_1_363' title='bbox 1475 3085 1585 3161; x_wconf 90' lang='lat' dir='ltr'><strong>pariter</strong></span> <span class='ocrx_word' id='word_1_364' title='bbox 1606 3091 1636 3142; x_wconf 90' lang='lat' dir='ltr'><strong>et</strong></span> <span class='ocrx_word' id='word_1_365' title='bbox 1662 3086 1769 3144; x_wconf 87' lang='lat' dir='ltr'><strong>audire</strong></span> <span class='ocrx_word' id='word_1_366' title='bbox 1783 3087 1867 3145; x_wconf 88' lang='lat' dir='ltr'><strong>beato</strong></span> 
     </span>
     <span class='ocr_line' id='line_1_33' title="bbox 155 3159 1604 3256; baseline -0.002 -22"><span class='ocrx_word' id='word_1_367' title='bbox 155 3179 249 3245; x_wconf 85' lang='lat' dir='ltr'><strong>Quare</strong></span> <span class='ocrx_word' id='word_1_368' title='bbox 264 3193 322 3234; x_wconf 91' lang='lat' dir='ltr'><strong>nen</strong></span> <span class='ocrx_word' id='word_1_369' title='bbox 338 3180 367 3233; x_wconf 91' lang='lat' dir='ltr'><strong>et</strong></span> <span class='ocrx_word' id='word_1_370' title='bbox 382 3181 415 3233; x_wconf 91' lang='lat' dir='ltr'><strong>tu</strong></span> <span class='ocrx_word' id='word_1_371' title='bbox 429 3181 564 3234; x_wconf 89' lang='lat' dir='ltr'><strong>sanctum</strong></span> <span class='ocrx_word' id='word_1_372' title='bbox 579 3177 627 3234; x_wconf 85' lang='lat' dir='ltr'><strong>Dei</strong></span> <span class='ocrx_word' id='word_1_373' title='bbox 647 3177 799 3250; x_wconf 87' lang='lat' dir='ltr'><strong>exquirere</strong></span> <span class='ocrx_word' id='word_1_374' title='bbox 809 3179 936 3246; x_wconf 90' lang='lat' dir='ltr'><strong>conaris,</strong></span> <span class='ocrx_word' id='word_1_375' title='bbox 949 3159 1017 3234; x_wconf 82' lang='lat' dir='ltr'><strong>utC</strong></span> <span class='ocrx_word' id='word_1_376' title='bbox 1036 3177 1201 3234; x_wconf 89' lang='lat' dir='ltr'><strong>Willehado</strong></span> <span class='ocrx_word' id='word_1_377' title='bbox 1217 3175 1420 3250; x_wconf 87' lang='lat' dir='ltr'><strong>interpellente</strong></span> <span class='ocrx_word' id='word_1_378' title='bbox 1433 3176 1604 3256; x_wconf 88' lang='lat' dir='ltr'><strong>promeruit.</strong></span> 
     </span>
     <span class='ocr_line' id='line_1_34' title="bbox 154 3264 1867 3345; baseline 0.001 -22"><span class='ocrx_word' id='word_1_379' title='bbox 154 3267 209 3324; x_wconf 88' lang='lat' dir='ltr'><strong>tibi</strong></span> <span class='ocrx_word' id='word_1_380' title='bbox 224 3281 341 3339; x_wconf 91' lang='lat' dir='ltr'><strong>quoque</strong></span> <span class='ocrx_word' id='word_1_381' title='bbox 357 3265 407 3322; x_wconf 80' lang='lat' dir='ltr'><strong>lux</strong></span> <span class='ocrx_word' id='word_1_382' title='bbox 421 3264 573 3322; x_wconf 89' lang='lat' dir='ltr'><strong>oculorum</strong></span> <span class='ocrx_word' id='word_1_383' title='bbox 595 3266 740 3339; x_wconf 85' lang='lat' dir='ltr'><strong>petelaete</strong></span> <span class='ocrx_word' id='word_1_384' title='bbox 758 3265 916 3326; x_wconf 81' lang='lat' dir='ltr'><strong>clarescet?</strong></span> <span class='ocrx_word' id='word_1_385' title='bbox 931 3266 984 3326; x_wconf 86' lang='lat' dir='ltr'><strong>llle</strong></span> <span class='ocrx_word' id='word_1_386' title='bbox 1073 3266 1145 3324; x_wconf 89' lang='lat' dir='ltr'><strong>Item</strong></span> <span class='ocrx_word' id='word_1_387' title='bbox 1159 3283 1194 3323; x_wconf 84' lang='lat' dir='ltr'><strong>ex</strong></span> <span class='ocrx_word' id='word_1_388' title='bbox 1209 3265 1291 3345; x_wconf 82' lang='lat' dir='ltr'><strong>Laris</strong></span> <span class='ocrx_word' id='word_1_389' title='bbox 1301 3266 1337 3321; x_wconf 90' lang='lat' dir='ltr'><strong>de</strong></span> <span class='ocrx_word' id='word_1_390' title='bbox 1347 3264 1416 3322; x_wconf 87' lang='lat' dir='ltr'><strong>villa</strong></span> <span class='ocrx_word' id='word_1_391' title='bbox 1426 3264 1586 3333; x_wconf 76' lang='lat' dir='ltr'><strong>otishusun,</strong></span> <span class='ocrx_word' id='word_1_392' title='bbox 1598 3266 1755 3337; x_wconf 87' lang='lat' dir='ltr'><strong>cujusdam</strong></span> <span class='ocrx_word' id='word_1_393' title='bbox 1768 3267 1867 3326; x_wconf 80' lang='lat' dir='ltr'><strong>Fride·</strong></span> 
     </span>
     <span class='ocr_line' id='line_1_35' title="bbox 155 3353 1868 3428; baseline 0 -16"><span class='ocrx_word' id='word_1_394' title='bbox 155 3359 253 3412; x_wconf 87' lang='lat' dir='ltr'><strong>entem</strong></span> <span class='ocrx_word' id='word_1_395' title='bbox 263 3372 293 3412; x_wconf 87' lang='lat' dir='ltr'><strong>ee</strong></span> <span class='ocrx_word' id='word_1_396' title='bbox 302 3354 498 3412; x_wconf 87' lang='lat' dir='ltr'><strong>libentissime</strong></span> <span class='ocrx_word' id='word_1_397' title='bbox 510 3353 627 3411; x_wconf 91' lang='lat' dir='ltr'><strong>itavelle</strong></span> <span class='ocrx_word' id='word_1_398' title='bbox 635 3355 786 3428; x_wconf 91' lang='lat' dir='ltr'><strong>respondit</strong></span> <span class='ocrx_word' id='word_1_399' title='bbox 798 3374 804 3412; x_wconf 92' lang='lat'>:</span> <span class='ocrx_word' id='word_1_400' title='bbox 817 3371 917 3413; x_wconf 90' lang='lat' dir='ltr'><strong>verum</strong></span> <span class='ocrx_word' id='word_1_401' title='bbox 929 3357 983 3415; x_wconf 91' lang='lat' dir='ltr'><strong>boc</strong></span> <span class='ocrx_word' id='word_1_402' title='bbox 1037 3358 1120 3414; x_wconf 87' lang='lat' dir='ltr'><strong>barm</strong></span> <span class='ocrx_word' id='word_1_403' title='bbox 1132 3353 1707 3413; x_wconf 86' lang='lat' dir='ltr'><strong>filiaemnibusmembrisdiutinoluerat</strong></span> <span class='ocrx_word' id='word_1_404' title='bbox 1716 3360 1868 3412; x_wconf 85' lang='lat' dir='ltr'><strong>contracta</strong></span> 
     </span>
     <span class='ocr_line' id='line_1_36' title="bbox 154 3443 1866 3524; baseline -0.001 -22"><span class='ocrx_word' id='word_1_405' title='bbox 154 3447 270 3502; x_wconf 88' lang='lat' dir='ltr'><strong>tentum</strong></span> <span class='ocrx_word' id='word_1_406' title='bbox 287 3461 339 3502; x_wconf 88' lang='lat' dir='ltr'><strong>suo</strong></span> <span class='ocrx_word' id='word_1_407' title='bbox 355 3460 519 3518; x_wconf 86' lang='lat' dir='ltr'><strong>repugnare</strong></span> <span class='ocrx_word' id='word_1_408' title='bbox 533 3443 687 3512; x_wconf 87' lang='lat' dir='ltr'><strong>desiderio,</strong></span> <span class='ocrx_word' id='word_1_409' title='bbox 705 3445 848 3518; x_wconf 89' lang='lat' dir='ltr'><strong>quianon</strong></span> <span class='ocrx_word' id='word_1_410' title='bbox 864 3445 983 3504; x_wconf 90' lang='lat' dir='ltr'><strong>haberet</strong></span> <span class='ocrx_word' id='word_1_411' title='bbox 1037 3446 1270 3520; x_wconf 60' lang='lat' dir='ltr'><strong>languensque</strong></span> <span class='ocrx_word' id='word_1_412' title='bbox 1294 3443 1330 3500; x_wconf 92' lang='lat' dir='ltr'><strong>ad</strong></span> <span class='ocrx_word' id='word_1_413' title='bbox 1355 3443 1523 3517; x_wconf 77' lang='lat' dir='ltr'><strong>predictam</strong></span> <span class='ocrx_word' id='word_1_414' title='bbox 1548 3443 1675 3524; x_wconf 84' lang='lat' dir='ltr'><strong>deducte</strong></span> <span class='ocrx_word' id='word_1_415' title='bbox 1698 3443 1866 3512; x_wconf 84' lang='lat' dir='ltr'><strong>basilicam,</strong></span> 
     </span>
     <span class='ocr_line' id='line_1_37' title="bbox 154 3531 1864 3610; baseline -0.001 -22"><span class='ocrx_word' id='word_1_416' title='bbox 154 3533 316 3590; x_wconf 90' lang='lat' dir='ltr'><strong>duetorem.</strong></span> <span class='ocrx_word' id='word_1_417' title='bbox 333 3532 451 3589; x_wconf 86' lang='lat' dir='ltr'><strong>Cui-illa</strong></span> <span class='ocrx_word' id='word_1_418' title='bbox 466 3534 561 3590; x_wconf 90' lang='lat' dir='ltr'><strong>denuo</strong></span> <span class='ocrx_word' id='word_1_419' title='bbox 575 3533 745 3605; x_wconf 83' lang='lat' dir='ltr'><strong>subjunxit:</strong></span> <span class='ocrx_word' id='word_1_420' title='bbox 762 3533 843 3603; x_wconf 81' lang='lat' dir='ltr'><strong>Ecce,</strong></span> <span class='ocrx_word' id='word_1_421' title='bbox 856 3535 881 3590; x_wconf 91' lang='lat' dir='ltr'><strong>si</strong></span> <span class='ocrx_word' id='word_1_422' title='bbox 891 3533 982 3592; x_wconf 91' lang='lat' dir='ltr'><strong>alium</strong></span> <span class='ocrx_word' id='word_1_423' title='bbox 1037 3553 1089 3610; x_wconf 91' lang='lat' dir='ltr'><strong>per</strong></span> <span class='ocrx_word' id='word_1_424' title='bbox 1103 3535 1166 3592; x_wconf 89' lang='lat' dir='ltr'><strong>dies</strong></span> <span class='ocrx_word' id='word_1_425' title='bbox 1179 3537 1290 3606; x_wconf 87' lang='lat' dir='ltr'><strong>septem</strong></span> <span class='ocrx_word' id='word_1_426' title='bbox 1306 3532 1511 3605; x_wconf 86' lang='lat' dir='ltr'><strong>gravissimam</strong></span> <span class='ocrx_word' id='word_1_427' title='bbox 1523 3532 1551 3587; x_wconf 91' lang='lat' dir='ltr'><strong>in</strong></span> <span class='ocrx_word' id='word_1_428' title='bbox 1562 3548 1683 3605; x_wconf 87' lang='lat' dir='ltr'><strong>corpere</strong></span> <span class='ocrx_word' id='word_1_429' title='bbox 1698 3531 1864 3588; x_wconf 85' lang='lat' dir='ltr'><strong>molestiam</strong></span> 
     </span>
     <span class='ocr_line' id='line_1_38' title="bbox 154 3619 1865 3697; baseline -0.001 -19"><span class='ocrx_word' id='word_1_430' title='bbox 154 3638 213 3678; x_wconf 90' lang='lat' dir='ltr'><strong>non</strong></span> <span class='ocrx_word' id='word_1_431' title='bbox 230 3621 332 3689; x_wconf 89' lang='lat' dir='ltr'><strong>babes,</strong></span> <span class='ocrx_word' id='word_1_432' title='bbox 348 3637 402 3694; x_wconf 84' lang='lat' dir='ltr'><strong>ego</strong></span> <span class='ocrx_word' id='word_1_433' title='bbox 417 3626 445 3677; x_wconf 88' lang='lat' dir='ltr'><strong>te</strong></span> <span class='ocrx_word' id='word_1_434' title='bbox 461 3621 725 3695; x_wconf 87' lang='lat' dir='ltr'><strong>quomodocunque</strong></span> <span class='ocrx_word' id='word_1_435' title='bbox 741 3622 982 3694; x_wconf 88' lang='lat' dir='ltr'><strong>potereillucde·</strong></span> <span class='ocrx_word' id='word_1_436' title='bbox 1037 3622 1166 3697; x_wconf 88' lang='lat' dir='ltr'><strong>pertulit,</strong></span> <span class='ocrx_word' id='word_1_437' title='bbox 1183 3623 1223 3676; x_wconf 91' lang='lat' dir='ltr'><strong>ite</strong></span> <span class='ocrx_word' id='word_1_438' title='bbox 1238 3621 1346 3694; x_wconf 86' lang='lat' dir='ltr'><strong>etjam</strong></span> <span class='ocrx_word' id='word_1_439' title='bbox 1363 3637 1481 3694; x_wconf 81' lang='lat' dir='ltr'><strong>penoer</strong></span> <span class='ocrx_word' id='word_1_440' title='bbox 1494 3619 1601 3677; x_wconf 90' lang='lat' dir='ltr'><strong>animis</strong></span> <span class='ocrx_word' id='word_1_441' title='bbox 1618 3638 1676 3693; x_wconf 84' lang='lat' dir='ltr'><strong>pra·</strong></span> <span class='ocrx_word' id='word_1_442' title='bbox 1684 3619 1791 3676; x_wconf 88' lang='lat' dir='ltr'><strong>doloris</strong></span> <span class='ocrx_word' id='word_1_443' title='bbox 1799 3636 1865 3677; x_wconf 87' lang='lat' dir='ltr'><strong>cre-</strong></span> 
     </span>
     <span class='ocr_line' id='line_1_39' title="bbox 154 3708 1867 3784; baseline -0.001 -19"><span class='ocrx_word' id='word_1_444' title='bbox 154 3710 270 3766; x_wconf 87' lang='lat' dir='ltr'><strong>ducem.</strong></span> <span class='ocrx_word' id='word_1_445' title='bbox 283 3709 374 3780; x_wconf 81' lang='lat' dir='ltr'><strong>Cujus</strong></span> <span class='ocrx_word' id='word_1_446' title='bbox 384 3708 436 3765; x_wconf 89' lang='lat' dir='ltr'><strong>illa</strong></span> <span class='ocrx_word' id='word_1_447' title='bbox 446 3708 712 3783; x_wconf 90' lang='lat' dir='ltr'><strong>premissum,quie</strong></span> <span class='ocrx_word' id='word_1_448' title='bbox 722 3709 801 3766; x_wconf 90' lang='lat' dir='ltr'><strong>aliud</strong></span> <span class='ocrx_word' id='word_1_449' title='bbox 811 3711 866 3767; x_wconf 89' lang='lat' dir='ltr'><strong>eibi</strong></span> <span class='ocrx_word' id='word_1_450' title='bbox 876 3715 984 3772; x_wconf 89' lang='lat' dir='ltr'><strong>nescie-</strong></span> <span class='ocrx_word' id='word_1_451' title='bbox 1036 3714 1155 3770; x_wconf 88' lang='lat' dir='ltr'><strong>deretur</strong></span> <span class='ocrx_word' id='word_1_452' title='bbox 1170 3709 1383 3784; x_wconf 82' lang='lat' dir='ltr'><strong>magnitudine.</strong></span> <span class='ocrx_word' id='word_1_453' title='bbox 1395 3709 1450 3766; x_wconf 88' lang='lat' dir='ltr'><strong>Sed</strong></span> <span class='ocrx_word' id='word_1_454' title='bbox 1466 3710 1596 3778; x_wconf 89' lang='lat' dir='ltr'><strong>tandem,</strong></span> <span class='ocrx_word' id='word_1_455' title='bbox 1608 3709 1707 3766; x_wconf 89' lang='lat' dir='ltr'><strong>divina</strong></span> <span class='ocrx_word' id='word_1_456' title='bbox 1717 3713 1867 3766; x_wconf 90' lang='lat' dir='ltr'><strong>annuente</strong></span> 
     </span>
     <span class='ocr_line' id='line_1_40' title="bbox 154 3795 1868 3872; baseline 0.001 -20"><span class='ocrx_word' id='word_1_457' title='bbox 154 3796 206 3852; x_wconf 90' lang='lat' dir='ltr'><strong>bat</strong></span> <span class='ocrx_word' id='word_1_458' title='bbox 220 3795 378 3869; x_wconf 83' lang='lat' dir='ltr'><strong>retugium,</strong></span> <span class='ocrx_word' id='word_1_459' title='bbox 395 3796 614 3869; x_wconf 86' lang='lat' dir='ltr'><strong>gratantissime</strong></span> <span class='ocrx_word' id='word_1_460' title='bbox 634 3797 753 3871; x_wconf 89' lang='lat' dir='ltr'><strong>accepit.</strong></span> <span class='ocrx_word' id='word_1_461' title='bbox 772 3799 861 3856; x_wconf 81' lang='lat' dir='ltr'><strong>Erant</strong></span> <span class='ocrx_word' id='word_1_462' title='bbox 884 3807 983 3861; x_wconf 90' lang='lat' dir='ltr'><strong>eutem</strong></span> <span class='ocrx_word' id='word_1_463' title='bbox 1036 3800 1192 3859; x_wconf 90' lang='lat' dir='ltr'><strong>elementia</strong></span> <span class='ocrx_word' id='word_1_464' title='bbox 1206 3799 1299 3857; x_wconf 88' lang='lat' dir='ltr'><strong>levius</strong></span> <span class='ocrx_word' id='word_1_465' title='bbox 1317 3798 1364 3872; x_wconf 87' lang='lat' dir='ltr'><strong>agi</strong></span> <span class='ocrx_word' id='word_1_466' title='bbox 1380 3799 1481 3872; x_wconf 85' lang='lat' dir='ltr'><strong>ooepit;</strong></span> <span class='ocrx_word' id='word_1_467' title='bbox 1497 3802 1527 3855; x_wconf 89' lang='lat' dir='ltr'><strong>et</strong></span> <span class='ocrx_word' id='word_1_468' title='bbox 1541 3799 1578 3855; x_wconf 90' lang='lat' dir='ltr'><strong>ed</strong></span> <span class='ocrx_word' id='word_1_469' title='bbox 1603 3798 1763 3872; x_wconf 88' lang='lat' dir='ltr'><strong>pristinum</strong></span> <span class='ocrx_word' id='word_1_470' title='bbox 1780 3815 1868 3872; x_wconf 86' lang='lat' dir='ltr'><strong>repa-</strong></span> 
     </span>
     <span class='ocr_line' id='line_1_41' title="bbox 154 3883 1866 3964; baseline 0.001 -24"><span class='ocrx_word' id='word_1_471' title='bbox 154 3885 248 3941; x_wconf 85' lang='lat' dir='ltr'><strong>embae</strong></span> <span class='ocrx_word' id='word_1_472' title='bbox 264 3883 457 3958; x_wconf 82' lang='lat' dir='ltr'><strong>paupercule.</strong></span> <span class='ocrx_word' id='word_1_473' title='bbox 474 3886 595 3959; x_wconf 82' lang='lat' dir='ltr'><strong>Arrepto</strong></span> <span class='ocrx_word' id='word_1_474' title='bbox 611 3887 710 3960; x_wconf 88' lang='lat' dir='ltr'><strong>itaque</strong></span> <span class='ocrx_word' id='word_1_475' title='bbox 722 3887 825 3946; x_wconf 90' lang='lat' dir='ltr'><strong>itinere</strong></span> <span class='ocrx_word' id='word_1_476' title='bbox 837 3889 907 3964; x_wconf 82' lang='lat' dir='ltr'><strong>ipse</strong></span> <span class='ocrx_word' id='word_1_477' title='bbox 918 3893 982 3950; x_wconf 78' lang='lat' dir='ltr'><strong>duee</strong></span> <span class='ocrx_word' id='word_1_478' title='bbox 1036 3892 1101 3948; x_wconf 88' lang='lat' dir='ltr'><strong>reta</strong></span> <span class='ocrx_word' id='word_1_479' title='bbox 1114 3889 1254 3956; x_wconf 87' lang='lat' dir='ltr'><strong>officium,</strong></span> <span class='ocrx_word' id='word_1_480' title='bbox 1268 3887 1382 3944; x_wconf 88' lang='lat' dir='ltr'><strong>meritis</strong></span> <span class='ocrx_word' id='word_1_481' title='bbox 1393 3887 1487 3944; x_wconf 87' lang='lat' dir='ltr'><strong>sancti</strong></span> <span class='ocrx_word' id='word_1_482' title='bbox 1498 3887 1733 3944; x_wconf 83' lang='lat' dir='ltr'><strong>incolumitatem</strong></span> <span class='ocrx_word' id='word_1_483' title='bbox 1744 3887 1866 3960; x_wconf 88' lang='lat' dir='ltr'><strong>recepit,</strong></span> 
     </span>
     <span class='ocr_line' id='line_1_42' title="bbox 153 3975 1868 4052; baseline 0.001 -21"><span class='ocrx_word' id='word_1_484' title='bbox 153 3975 371 4044; x_wconf 87' lang='lat' dir='ltr'><strong>tantummodo,</strong></span> <span class='ocrx_word' id='word_1_485' title='bbox 386 3975 504 4032; x_wconf 88' lang='lat' dir='ltr'><strong>Domini</strong></span> <span class='ocrx_word' id='word_1_486' title='bbox 525 3992 625 4033; x_wconf 90' lang='lat' dir='ltr'><strong>secum</strong></span> <span class='ocrx_word' id='word_1_487' title='bbox 649 3978 809 4034; x_wconf 90' lang='lat' dir='ltr'><strong>eomitante</strong></span> <span class='ocrx_word' id='word_1_488' title='bbox 824 3981 930 4052; x_wconf 85' lang='lat' dir='ltr'><strong>gretie,</strong></span> <span class='ocrx_word' id='word_1_489' title='bbox 945 3983 982 4039; x_wconf 88' lang='lat' dir='ltr'><strong>ed</strong></span> <span class='ocrx_word' id='word_1_490' title='bbox 1037 3995 1100 4052; x_wconf 79' lang='lat' dir='ltr'><strong>que</strong></span> <span class='ocrx_word' id='word_1_491' title='bbox 1107 3982 1259 4052; x_wconf 89' lang='lat' dir='ltr'><strong>paternam</strong></span> <span class='ocrx_word' id='word_1_492' title='bbox 1269 3977 1397 4033; x_wconf 90' lang='lat' dir='ltr'><strong>revisens</strong></span> <span class='ocrx_word' id='word_1_493' title='bbox 1407 3975 1766 4042; x_wconf 89' lang='lat' dir='ltr'><strong>domum,0mnibussene</strong></span> <span class='ocrx_word' id='word_1_494' title='bbox 1775 3992 1868 4034; x_wconf 88' lang='lat' dir='ltr'><strong>mem·</strong></span> 
     </span>
     <span class='ocr_line' id='line_1_43' title="bbox 152 4062 1868 4141; baseline 0.001 -21"><span class='ocrx_word' id='word_1_495' title='bbox 152 4062 982 4138; x_wconf 81' lang='lat' dir='ltr'><strong>prelatumtandemperveneruntsanctuarium‚ubieum</strong></span> <span class='ocrx_word' id='word_1_496' title='bbox 1035 4067 1109 4136; x_wconf 87' lang='lat' dir='ltr'><strong>bris,</strong></span> <span class='ocrx_word' id='word_1_497' title='bbox 1124 4065 1295 4141; x_wconf 88' lang='lat' dir='ltr'><strong>perentibus</strong></span> <span class='ocrx_word' id='word_1_498' title='bbox 1310 4081 1343 4122; x_wconf 89' lang='lat' dir='ltr'><strong>ee</strong></span> <span class='ocrx_word' id='word_1_499' title='bbox 1358 4064 1463 4122; x_wconf 88' lang='lat' dir='ltr'><strong>vicinis</strong></span> <span class='ocrx_word' id='word_1_500' title='bbox 1477 4064 1614 4122; x_wconf 88' lang='lat' dir='ltr'><strong>lestivum</strong></span> <span class='ocrx_word' id='word_1_501' title='bbox 1630 4063 1717 4138; x_wconf 90' lang='lat' dir='ltr'><strong>plane</strong></span> <span class='ocrx_word' id='word_1_502' title='bbox 1732 4064 1868 4123; x_wconf 83' lang='lat' dir='ltr'><strong>exhibuit</strong></span> 
     </span>
     <span class='ocr_line' id='line_1_44' title="bbox 152 4151 1190 4232; baseline 0.006 -24"><span class='ocrx_word' id='word_1_503' title='bbox 152 4151 255 4210; x_wconf 90' lang='lat' dir='ltr'><strong>devote</strong></span> <span class='ocrx_word' id='word_1_504' title='bbox 271 4153 407 4226; x_wconf 88' lang='lat' dir='ltr'><strong>precibus</strong></span> <span class='ocrx_word' id='word_1_505' title='bbox 431 4152 611 4220; x_wconf 85' lang='lat' dir='ltr'><strong>insisterent,</strong></span> <span class='ocrx_word' id='word_1_506' title='bbox 627 4152 678 4211; x_wconf 89' lang='lat' dir='ltr'><strong>illa</strong></span> <span class='ocrx_word' id='word_1_507' title='bbox 698 4172 762 4228; x_wconf 78' lang='lat' dir='ltr'><strong>que</strong></span> <span class='ocrx_word' id='word_1_508' title='bbox 777 4172 853 4214; x_wconf 84' lang='lat' dir='ltr'><strong>caeen</strong></span> <span class='ocrx_word' id='word_1_509' title='bbox 876 4159 980 4230; x_wconf 87' lang='lat' dir='ltr'><strong>luerat,</strong></span> <span class='ocrx_word' id='word_1_510' title='bbox 1036 4155 1190 4232; x_wconf 86' lang='lat' dir='ltr'><strong>gaudium.</strong></span> 
     </span>
     <span class='ocr_line' id='line_1_45' title="bbox 151 4233 1866 4320; baseline 0.001 -22"><span class='ocrx_word' id='word_1_511' title='bbox 151 4242 249 4299; x_wconf 89' lang='lat' dir='ltr'><strong>subito</strong></span> <span class='ocrx_word' id='word_1_512' title='bbox 272 4241 467 4311; x_wconf 89' lang='lat' dir='ltr'><strong>illuminatur,</strong></span> <span class='ocrx_word' id='word_1_513' title='bbox 485 4245 513 4298; x_wconf 91' lang='lat' dir='ltr'><strong>et</strong></span> <span class='ocrx_word' id='word_1_514' title='bbox 540 4259 680 4300; x_wconf 88' lang='lat' dir='ltr'><strong>converse</strong></span> <span class='ocrx_word' id='word_1_515' title='bbox 700 4243 737 4300; x_wconf 86' lang='lat' dir='ltr'><strong>ed</strong></span> <span class='ocrx_word' id='word_1_516' title='bbox 762 4245 872 4302; x_wconf 88' lang='lat' dir='ltr'><strong>sociam</strong></span> <span class='ocrx_word' id='word_1_517' title='bbox 897 4264 980 4306; x_wconf 85' lang='lat' dir='ltr'><strong>suem</strong></span> <span class='ocrx_word' id='word_1_518' title='bbox 1029 4315 1033 4320; x_wconf 25' lang='grc' dir='ltr'>Ι</span> <span class='ocrx_word' id='word_1_519' title='bbox 1072 4250 1110 4302; x_wconf 85' lang='lat' dir='ltr'><strong>De</strong></span> <span class='ocrx_word' id='word_1_520' title='bbox 1125 4243 1285 4320; x_wconf 86' lang='lat' dir='ltr'><strong>Steornigis</strong></span> <span class='ocrx_word' id='word_1_521' title='bbox 1305 4233 1421 4317; x_wconf 88' lang='lat' dir='ltr'><strong>quoque</strong></span> <span class='ocrx_word' id='word_1_522' title='bbox 1441 4260 1476 4300; x_wconf 85' lang='lat' dir='ltr'><strong>ex</strong></span> <span class='ocrx_word' id='word_1_523' title='bbox 1491 4241 1561 4300; x_wconf 89' lang='lat' dir='ltr'><strong>villa</strong></span> <span class='ocrx_word' id='word_1_524' title='bbox 1580 4241 1791 4301; x_wconf 77' lang='lat' dir='ltr'><strong>Grandilceturd</strong></span> <span class='ocrx_word' id='word_1_525' title='bbox 1804 4245 1866 4313; x_wconf 75' lang='lat' dir='ltr'><strong>lat,</strong></span> 
     </span>
     <span class='ocr_line' id='line_1_46' title="bbox 151 4329 1865 4408; baseline -0.001 -20"><span class='ocrx_word' id='word_1_526' title='bbox 151 4331 310 4388; x_wconf 88' lang='lat' dir='ltr'><strong>subridens</strong></span> <span class='ocrx_word' id='word_1_527' title='bbox 326 4335 413 4402; x_wconf 85' lang='lat' dir='ltr'><strong>atque</strong></span> <span class='ocrx_word' id='word_1_528' title='bbox 431 4330 640 4406; x_wconf 86' lang='lat' dir='ltr'><strong>congratulans</strong></span> <span class='ocrx_word' id='word_1_529' title='bbox 655 4329 738 4389; x_wconf 79' lang='lat' dir='ltr'><strong>dixit.</strong></span> <span class='ocrx_word' id='word_1_530' title='bbox 756 4331 778 4390; x_wconf 95' lang='lat'>0</span> <span class='ocrx_word' id='word_1_531' title='bbox 795 4337 981 4408; x_wconf 84' lang='lat' dir='ltr'><strong>quambene,</strong></span> <span class='ocrx_word' id='word_1_532' title='bbox 1035 4333 1272 4404; x_wconf 81' lang='lat' dir='ltr'><strong>Geudrikcssrdl,</strong></span> <span class='ocrx_word' id='word_1_533' title='bbox 1290 4333 1425 4406; x_wconf 82' lang='lat' dir='ltr'><strong>quedam</strong></span> <span class='ocrx_word' id='word_1_534' title='bbox 1443 4331 1563 4401; x_wconf 85' lang='lat' dir='ltr'><strong>lemine,</strong></span> <span class='ocrx_word' id='word_1_535' title='bbox 1578 4331 1718 4389; x_wconf 90' lang='lat' dir='ltr'><strong>llerimod</strong></span> <span class='ocrx_word' id='word_1_536' title='bbox 1733 4331 1865 4400; x_wconf 89' lang='lat' dir='ltr'><strong>nominc,</strong></span> 
     </span>
     <span class='ocr_line' id='line_1_47' title="bbox 151 4419 1867 4500; baseline -0.001 -23"><span class='ocrx_word' id='word_1_537' title='bbox 151 4437 240 4494; x_wconf 90' lang='lat' dir='ltr'><strong>quem</strong></span> <span class='ocrx_word' id='word_1_538' title='bbox 251 4421 324 4476; x_wconf 90' lang='lat' dir='ltr'><strong>bene</strong></span> <span class='ocrx_word' id='word_1_539' title='bbox 335 4420 408 4476; x_wconf 88' lang='lat' dir='ltr'><strong>mibi</strong></span> <span class='ocrx_word' id='word_1_540' title='bbox 420 4424 504 4477; x_wconf 77' lang='lat' dir='ltr'><strong>turim</strong></span> <span class='ocrx_word' id='word_1_541' title='bbox 516 4421 639 4494; x_wconf 89' lang='lat' dir='ltr'><strong>contigit</strong></span> <span class='ocrx_word' id='word_1_542' title='bbox 649 4422 768 4478; x_wconf 90' lang='lat' dir='ltr'><strong>audisse</strong></span> <span class='ocrx_word' id='word_1_543' title='bbox 776 4423 983 4496; x_wconf 69' lang='lat' dir='ltr'><strong>consiliumet</strong></span> <span class='ocrx_word' id='word_1_544' title='bbox 1027 4423 1153 4500; x_wconf 30' lang='lat' dir='ltr'><strong>&#39;duobus</strong></span> <span class='ocrx_word' id='word_1_545' title='bbox 1168 4421 1253 4479; x_wconf 90' lang='lat' dir='ltr'><strong>annis</strong></span> <span class='ocrx_word' id='word_1_546' title='bbox 1266 4421 1356 4480; x_wconf 88' lang='lat' dir='ltr'><strong>surde</strong></span> <span class='ocrx_word' id='word_1_547' title='bbox 1369 4422 1517 4479; x_wconf 82' lang='lat' dir='ltr'><strong>exstiterat</strong></span> <span class='ocrx_word' id='word_1_548' title='bbox 1530 4437 1536 4478; x_wconf 74' lang='grc' dir='ltr'>ε</span> <span class='ocrx_word' id='word_1_549' title='bbox 1554 4437 1618 4494; x_wconf 81' lang='lat' dir='ltr'><strong>quac</strong></span> <span class='ocrx_word' id='word_1_550' title='bbox 1634 4422 1671 4478; x_wconf 91' lang='lat' dir='ltr'><strong>ad</strong></span> <span class='ocrx_word' id='word_1_551' title='bbox 1688 4419 1867 4494; x_wconf 77' lang='lat' dir='ltr'><strong>predictum</strong></span> 
     </span>
     <span class='ocr_line' id='line_1_48' title="bbox 154 4508 1871 4597; baseline -0.001 -30"><span class='ocrx_word' id='word_1_552' title='bbox 154 4513 291 4567; x_wconf 89' lang='lat' dir='ltr'><strong>sanetum</strong></span> <span class='ocrx_word' id='word_1_553' title='bbox 307 4508 359 4565; x_wconf 90' lang='lat' dir='ltr'><strong>Dei</strong></span> <span class='ocrx_word' id='word_1_554' title='bbox 375 4509 589 4582; x_wconf 80' lang='lat' dir='ltr'><strong>perquirerem!</strong></span> <span class='ocrx_word' id='word_1_555' title='bbox 607 4523 672 4568; x_wconf 89' lang='lat' dir='ltr'><strong>ecce</strong></span> <span class='ocrx_word' id='word_1_556' title='bbox 688 4526 747 4566; x_wconf 87' lang='lat' dir='ltr'><strong>una</strong></span> <span class='ocrx_word' id='word_1_557' title='bbox 760 4514 858 4569; x_wconf 91' lang='lat' dir='ltr'><strong>tecum</strong></span> <span class='ocrx_word' id='word_1_558' title='bbox 879 4512 980 4572; x_wconf 89' lang='lat' dir='ltr'><strong>lumen</strong></span> <span class='ocrx_word' id='word_1_559' title='bbox 996 4531 1019 4597; x_wconf 78' lang='lat' dir='ltr'><strong>p</strong></span> <span class='ocrx_word' id='word_1_560' title='bbox 1034 4513 1190 4572; x_wconf 87' lang='lat' dir='ltr'><strong>deveniens</strong></span> <span class='ocrx_word' id='word_1_561' title='bbox 1204 4511 1311 4579; x_wconf 90' lang='lat' dir='ltr'><strong>locum,</strong></span> <span class='ocrx_word' id='word_1_562' title='bbox 1327 4511 1536 4582; x_wconf 83' lang='lat' dir='ltr'><strong>intercessione</strong></span> <span class='ocrx_word' id='word_1_563' title='bbox 1551 4511 1645 4568; x_wconf 85' lang='lat' dir='ltr'><strong>sancti</strong></span> <span class='ocrx_word' id='word_1_564' title='bbox 1659 4509 1808 4568; x_wconf 89' lang='lat' dir='ltr'><strong>audiendo</strong></span> <span class='ocrx_word' id='word_1_565' title='bbox 1824 4527 1871 4566; x_wconf 87' lang='lat' dir='ltr'><strong>re-</strong></span> 
     </span>
     <span class='ocr_line' id='line_1_49' title="bbox 152 4597 1228 4676; baseline 0.001 -20"><span class='ocrx_word' id='word_1_566' title='bbox 152 4597 217 4656; x_wconf 81' lang='lat' dir='ltr'><strong>caeli</strong></span> <span class='ocrx_word' id='word_1_567' title='bbox 231 4597 325 4654; x_wconf 91' lang='lat' dir='ltr'><strong>video.</strong></span> <span class='ocrx_word' id='word_1_568' title='bbox 335 4597 394 4654; x_wconf 89' lang='lat' dir='ltr'><strong>Huc</strong></span> <span class='ocrx_word' id='word_1_569' title='bbox 406 4597 505 4671; x_wconf 85' lang='lat' dir='ltr'><strong>itaque</strong></span> <span class='ocrx_word' id='word_1_570' title='bbox 514 4597 624 4654; x_wconf 85' lang='lat' dir='ltr'><strong>sectum</strong></span> <span class='ocrx_word' id='word_1_571' title='bbox 637 4598 738 4656; x_wconf 87' lang='lat' dir='ltr'><strong>stetim</strong></span> <span class='ocrx_word' id='word_1_572' title='bbox 753 4599 869 4672; x_wconf 89' lang='lat' dir='ltr'><strong>publice</strong></span> <span class='ocrx_word' id='word_1_573' title='bbox 879 4604 996 4676; x_wconf 74' lang='lat' dir='ltr'><strong>praedi·</strong></span> <span class='ocrx_word' id='word_1_574' title='bbox 1033 4603 1097 4660; x_wconf 91' lang='lat' dir='ltr'><strong>dire</strong></span> <span class='ocrx_word' id='word_1_575' title='bbox 1111 4601 1228 4659; x_wconf 89' lang='lat' dir='ltr'><strong>meruit.</strong></span> 
     </span>
     <span class='ocr_line' id='line_1_50' title="bbox 150 4677 1869 4766; baseline 0 -22"><span class='ocrx_word' id='word_1_576' title='bbox 150 4677 262 4756; x_wconf 85' lang='lat' dir='ltr'><strong>cetum,</strong></span> <span class='ocrx_word' id='word_1_577' title='bbox 278 4703 417 4760; x_wconf 89' lang='lat' dir='ltr'><strong>magnam</strong></span> <span class='ocrx_word' id='word_1_578' title='bbox 434 4685 549 4761; x_wconf 91' lang='lat' dir='ltr'><strong>populis</strong></span> <span class='ocrx_word' id='word_1_579' title='bbox 565 4687 670 4744; x_wconf 80' lang='lat' dir='ltr'><strong>divina</strong></span> <span class='ocrx_word' id='word_1_580' title='bbox 682 4687 879 4748; x_wconf 88' lang='lat' dir='ltr'><strong>miserationis</strong></span> <span class='ocrx_word' id='word_1_581' title='bbox 894 4709 976 4766; x_wconf 89' lang='lat' dir='ltr'><strong>apem</strong></span> <span class='ocrx_word' id='word_1_582' title='bbox 1068 4693 1139 4749; x_wconf 86' lang='lat' dir='ltr'><strong>item</strong></span> <span class='ocrx_word' id='word_1_583' title='bbox 1156 4688 1285 4747; x_wconf 81' lang='lat' dir='ltr'><strong>deberis</strong></span> <span class='ocrx_word' id='word_1_584' title='bbox 1300 4688 1416 4746; x_wconf 88' lang='lat' dir='ltr'><strong>daville</strong></span> <span class='ocrx_word' id='word_1_585' title='bbox 1430 4689 1602 4761; x_wconf 80' lang='lat' dir='ltr'><strong>Felotborpe,</strong></span> <span class='ocrx_word' id='word_1_586' title='bbox 1618 4689 1683 4744; x_wconf 84' lang='lat' dir='ltr'><strong>dnae</strong></span> <span class='ocrx_word' id='word_1_587' title='bbox 1694 4686 1765 4744; x_wconf 91' lang='lat' dir='ltr'><strong>illue</strong></span> <span class='ocrx_word' id='word_1_588' title='bbox 1777 4688 1869 4745; x_wconf 84' lang='lat' dir='ltr'><strong>adve-</strong></span> 
     </span>
     <span class='ocr_line' id='line_1_51' title="bbox 150 4773 1872 4854; baseline 0.001 -22"><span class='ocrx_word' id='word_1_589' title='bbox 150 4777 253 4834; x_wconf 90' lang='lat' dir='ltr'><strong>dedit:</strong></span> <span class='ocrx_word' id='word_1_590' title='bbox 271 4775 411 4852; x_wconf 90' lang='lat' dir='ltr'><strong>quoniam</strong></span> <span class='ocrx_word' id='word_1_591' title='bbox 428 4774 591 4832; x_wconf 90' lang='lat' dir='ltr'><strong>secundum</strong></span> <span class='ocrx_word' id='word_1_592' title='bbox 614 4773 774 4832; x_wconf 82' lang='lat' dir='ltr'><strong>Psalmistue</strong></span> <span class='ocrx_word' id='word_1_593' title='bbox 796 4778 920 4849; x_wconf 90' lang='lat' dir='ltr'><strong>dictum,</strong></span> <span class='ocrx_word' id='word_1_594' title='bbox 935 4780 978 4838; x_wconf 90' lang='lat' dir='ltr'><strong>illi</strong></span> <span class='ocrx_word' id='word_1_595' title='bbox 1032 4785 1139 4839; x_wconf 92' lang='lat' dir='ltr'><strong>uerunt</strong></span> <span class='ocrx_word' id='word_1_596' title='bbox 1153 4779 1279 4847; x_wconf 80' lang='lat' dir='ltr'><strong>femina,</strong></span> <span class='ocrx_word' id='word_1_597' title='bbox 1297 4795 1356 4834; x_wconf 90' lang='lat' dir='ltr'><strong>une</strong></span> <span class='ocrx_word' id='word_1_598' title='bbox 1366 4777 1653 4850; x_wconf 88' lang='lat' dir='ltr'><strong>incurvate,n0miue</strong></span> <span class='ocrx_word' id='word_1_599' title='bbox 1665 4777 1834 4854; x_wconf 86' lang='lat' dir='ltr'><strong>llataburg,</strong></span> <span class='ocrx_word' id='word_1_600' title='bbox 1842 4783 1872 4834; x_wconf 87' lang='lat' dir='ltr'><strong>et</strong></span> 
     </span>
     <span class='ocr_line' id='line_1_52' title="bbox 149 4863 1872 4942; baseline 0.003 -24"><span class='ocrx_word' id='word_1_601' title='bbox 149 4865 305 4922; x_wconf 88' lang='lat' dir='ltr'><strong>derelictus</strong></span> <span class='ocrx_word' id='word_1_602' title='bbox 320 4868 365 4922; x_wconf 89' lang='lat' dir='ltr'><strong>eet</strong></span> <span class='ocrx_word' id='word_1_603' title='bbox 380 4880 500 4938; x_wconf 84' lang='lat' dir='ltr'><strong>pauper.</strong></span> <span class='ocrx_word' id='word_1_604' title='bbox 517 4863 642 4936; x_wconf 91' lang='lat' dir='ltr'><strong>ideoque</strong></span> <span class='ocrx_word' id='word_1_605' title='bbox 658 4868 686 4920; x_wconf 91' lang='lat' dir='ltr'><strong>et</strong></span> <span class='ocrx_word' id='word_1_606' title='bbox 698 4865 760 4936; x_wconf 89' lang='lat' dir='ltr'><strong>ipse</strong></span> <span class='ocrx_word' id='word_1_607' title='bbox 776 4867 922 4941; x_wconf 82' lang='lat' dir='ltr'><strong>retugium</strong></span> <span class='ocrx_word' id='word_1_608' title='bbox 934 4875 979 4928; x_wconf 88' lang='lat' dir='ltr'><strong>est</strong></span> <span class='ocrx_word' id='word_1_609' title='bbox 1033 4867 1339 4938; x_wconf 89' lang='lat' dir='ltr'><strong>alterecrba,nomine</strong></span> <span class='ocrx_word' id='word_1_610' title='bbox 1350 4867 1574 4940; x_wconf 67' lang='lat' dir='ltr'><strong>Messenaque</strong></span> <span class='ocrx_word' id='word_1_611' title='bbox 1585 4867 1720 4924; x_wconf 89' lang='lat' dir='ltr'><strong>divinum</strong></span> <span class='ocrx_word' id='word_1_612' title='bbox 1730 4866 1774 4924; x_wconf 92' lang='lat' dir='ltr'><strong>ibi</strong></span> <span class='ocrx_word' id='word_1_613' title='bbox 1786 4867 1872 4942; x_wconf 85' lang='lat' dir='ltr'><strong>tlagi-</strong></span> 
     </span>
     <span class='ocr_line' id='line_1_53' title="bbox 151 4953 1870 5032; baseline 0.004 -27"><span class='ocrx_word' id='word_1_614' title='bbox 151 4967 313 5025; x_wconf 89' lang='lat' dir='ltr'><strong>panperum</strong></span> <span class='ocrx_word' id='word_1_615' title='bbox 324 4953 979 5031; x_wconf 87' lang='lat' dir='ltr'><strong>intribulatioue,pupilloquoqueetcrphano</strong></span> <span class='ocrx_word' id='word_1_616' title='bbox 1032 4963 1128 5018; x_wconf 72' lang='lat' dir='ltr'><strong>tantm</strong></span> <span class='ocrx_word' id='word_1_617' title='bbox 1140 4958 1321 5032; x_wconf 83' lang='lat' dir='ltr'><strong>presidium,</strong></span> <span class='ocrx_word' id='word_1_618' title='bbox 1334 4958 1503 5016; x_wconf 81' lang='lat' dir='ltr'><strong>ambacum</strong></span> <span class='ocrx_word' id='word_1_619' title='bbox 1520 4958 1655 5014; x_wconf 82' lang='lat' dir='ltr'><strong>sanitatis</strong></span> <span class='ocrx_word' id='word_1_620' title='bbox 1669 4956 1780 5031; x_wconf 87' lang='lat' dir='ltr'><strong>gaudio</strong></span> <span class='ocrx_word' id='word_1_621' title='bbox 1798 4974 1870 5031; x_wconf 86' lang='lat' dir='ltr'><strong>pre-</strong></span> 
     </span>
     <span class='ocr_line' id='line_1_54' title="bbox 150 5037 1600 5124; baseline 0.008 -34"><span class='ocrx_word' id='word_1_622' title='bbox 150 5037 213 5110; x_wconf 89' lang='lat' dir='ltr'><strong>ipse</strong></span> <span class='ocrx_word' id='word_1_623' title='bbox 228 5047 382 5116; x_wconf 89' lang='lat' dir='ltr'><strong>promptus</strong></span> <span class='ocrx_word' id='word_1_624' title='bbox 397 5043 453 5101; x_wconf 88' lang='lat' dir='ltr'><strong>erit</strong></span> <span class='ocrx_word' id='word_1_625' title='bbox 469 5043 586 5115; x_wconf 74' lang='lat' dir='ltr'><strong>adiutor</strong></span> <span class='ocrx_word' id='word_1_626' title='bbox 600 5042 685 5116; x_wconf 86' lang='lat' dir='ltr'><strong>(Psnl.</strong></span> <span class='ocrx_word' id='word_1_627' title='bbox 707 5059 745 5111; x_wconf 83' lang='lat' dir='ltr'><strong>rx,</strong></span> <span class='ocrx_word' id='word_1_628' title='bbox 770 5043 827 5115; x_wconf 79' lang='lat' dir='ltr'><strong>et).</strong></span> <span class='ocrx_word' id='word_1_629' title='bbox 853 5046 978 5120; x_wconf 86' lang='lat' dir='ltr'><strong>Recepto</strong></span> <span class='ocrx_word' id='word_1_630' title='bbox 1033 5051 1113 5124; x_wconf 88' lang='lat' dir='ltr'><strong>prise</strong></span> <span class='ocrx_word' id='word_1_631' title='bbox 1127 5049 1212 5106; x_wconf 89' lang='lat' dir='ltr'><strong>sedes</strong></span> <span class='ocrx_word' id='word_1_632' title='bbox 1227 5045 1398 5103; x_wconf 79' lang='lat' dir='ltr'><strong>letabunda</strong></span> <span class='ocrx_word' id='word_1_633' title='bbox 1413 5048 1600 5120; x_wconf 90' lang='lat' dir='ltr'><strong>repetierunt.</strong></span> 
     </span>
     <span class='ocr_line' id='line_1_55' title="bbox 151 5125 1872 5210; baseline 0.008 -31"><span class='ocrx_word' id='word_1_634' title='bbox 151 5125 249 5196; x_wconf 90' lang='lat' dir='ltr'><strong>itaque</strong></span> <span class='ocrx_word' id='word_1_635' title='bbox 264 5128 385 5187; x_wconf 91' lang='lat' dir='ltr'><strong>luminis</strong></span> <span class='ocrx_word' id='word_1_636' title='bbox 398 5133 464 5192; x_wconf 86' lang='lat' dir='ltr'><strong>visu</strong></span> <span class='ocrx_word' id='word_1_637' title='bbox 475 5133 541 5205; x_wconf 90' lang='lat' dir='ltr'><strong>ipsa</strong></span> <span class='ocrx_word' id='word_1_638' title='bbox 550 5132 614 5203; x_wconf 87' lang='lat' dir='ltr'><strong>jam</strong></span> <span class='ocrx_word' id='word_1_639' title='bbox 626 5148 684 5188; x_wconf 91' lang='lat' dir='ltr'><strong>non</strong></span> <span class='ocrx_word' id='word_1_640' title='bbox 693 5131 913 5205; x_wconf 87' lang='lat' dir='ltr'><strong>sociadncente,</strong></span> <span class='ocrx_word' id='word_1_641' title='bbox 925 5136 976 5193; x_wconf 88' lang='lat' dir='ltr'><strong>sed</strong></span> <span class='ocrx_word' id='word_1_642' title='bbox 1070 5143 1159 5194; x_wconf 87' lang='lat' dir='ltr'><strong>Porro</strong></span> <span class='ocrx_word' id='word_1_643' title='bbox 1169 5136 1297 5208; x_wconf 78' lang='lat' dir='ltr'><strong>deWeqe</strong></span> <span class='ocrx_word' id='word_1_644' title='bbox 1306 5133 1377 5192; x_wconf 93' lang='lat' dir='ltr'><strong>villa</strong></span> <span class='ocrx_word' id='word_1_645' title='bbox 1386 5134 1652 5210; x_wconf 79' lang='lat' dir='ltr'><strong>publiea,quedem</strong></span> <span class='ocrx_word' id='word_1_646' title='bbox 1662 5133 1872 5209; x_wconf 86' lang='lat' dir='ltr'><strong>puellamnlta</strong></span> 
     </span>
     <span class='ocr_line' id='line_1_56' title="bbox 149 5211 1872 5300; baseline 0.006 -30"><span class='ocrx_word' id='word_1_647' title='bbox 149 5211 260 5287; x_wconf 87' lang='lat' dir='ltr'><strong>pariter</strong></span> <span class='ocrx_word' id='word_1_648' title='bbox 274 5218 441 5289; x_wconf 90' lang='lat' dir='ltr'><strong>comitante,</strong></span> <span class='ocrx_word' id='word_1_649' title='bbox 458 5221 494 5277; x_wconf 92' lang='lat' dir='ltr'><strong>ed</strong></span> <span class='ocrx_word' id='word_1_650' title='bbox 509 5237 599 5278; x_wconf 90' lang='lat' dir='ltr'><strong>suum</strong></span> <span class='ocrx_word' id='word_1_651' title='bbox 623 5236 696 5277; x_wconf 89' lang='lat' dir='ltr'><strong>sene</strong></span> <span class='ocrx_word' id='word_1_652' title='bbox 710 5221 798 5278; x_wconf 89' lang='lat' dir='ltr'><strong>rediit</strong></span> <span class='ocrx_word' id='word_1_653' title='bbox 812 5223 975 5297; x_wconf 86' lang='lat' dir='ltr'><strong>tugurium,</strong></span> <span class='ocrx_word' id='word_1_654' title='bbox 1033 5233 1165 5300; x_wconf 88' lang='lat' dir='ltr'><strong>tempore</strong></span> <span class='ocrx_word' id='word_1_655' title='bbox 1179 5225 1317 5282; x_wconf 89' lang='lat' dir='ltr'><strong>omnibus</strong></span> <span class='ocrx_word' id='word_1_656' title='bbox 1330 5225 1480 5282; x_wconf 87' lang='lat' dir='ltr'><strong>infirmate</strong></span> <span class='ocrx_word' id='word_1_657' title='bbox 1495 5225 1637 5282; x_wconf 90' lang='lat' dir='ltr'><strong>membris</strong></span> <span class='ocrx_word' id='word_1_658' title='bbox 1647 5222 1724 5280; x_wconf 88' lang='lat' dir='ltr'><strong>nibil</strong></span> <span class='ocrx_word' id='word_1_659' title='bbox 1738 5225 1872 5282; x_wconf 89' lang='lat' dir='ltr'><strong>omnine</strong></span> 
     </span>
     <span class='ocr_line' id='line_1_57' title="bbox 149 5301 1872 5394; baseline 0.005 -32"><span class='ocrx_word' id='word_1_660' title='bbox 149 5301 266 5362; x_wconf 89' lang='lat' dir='ltr'><strong>Domini</strong></span> <span class='ocrx_word' id='word_1_661' title='bbox 281 5302 389 5394; x_wconf 80' lang='lat' dir='ltr'><strong>laudes</strong></span> <span class='ocrx_word' id='word_1_662' title='bbox 403 5323 518 5382; x_wconf 89' lang='lat' dir='ltr'><strong>semper</strong></span> <span class='ocrx_word' id='word_1_663' title='bbox 532 5309 689 5378; x_wconf 71' lang='lat' dir='ltr'><strong>oaumudo,</strong></span> <span class='ocrx_word' id='word_1_664' title='bbox 703 5314 732 5366; x_wconf 91' lang='lat' dir='ltr'><strong>et</strong></span> <span class='ocrx_word' id='word_1_665' title='bbox 755 5313 901 5386; x_wconf 88' lang='lat' dir='ltr'><strong>comparis</strong></span> <span class='ocrx_word' id='word_1_666' title='bbox 916 5332 975 5372; x_wconf 76' lang='lat' dir='ltr'><strong>sua</strong></span> <span class='ocrx_word' id='word_1_667' title='bbox 1029 5316 1137 5374; x_wconf 84' lang='lat' dir='ltr'><strong>virium</strong></span> <span class='ocrx_word' id='word_1_668' title='bbox 1154 5315 1183 5371; x_wconf 91' lang='lat' dir='ltr'><strong>in</strong></span> <span class='ocrx_word' id='word_1_669' title='bbox 1198 5313 1314 5388; x_wconf 92' lang='lat' dir='ltr'><strong>proprio</strong></span> <span class='ocrx_word' id='word_1_670' title='bbox 1329 5312 1473 5371; x_wconf 90' lang='lat' dir='ltr'><strong>retinebat</strong></span> <span class='ocrx_word' id='word_1_671' title='bbox 1488 5331 1618 5388; x_wconf 91' lang='lat' dir='ltr'><strong>corpere.</strong></span> <span class='ocrx_word' id='word_1_672' title='bbox 1633 5312 1676 5370; x_wconf 88' lang='lat' dir='ltr'><strong>Ad</strong></span> <span class='ocrx_word' id='word_1_673' title='bbox 1697 5311 1872 5372; x_wconf 78' lang='lat' dir='ltr'><strong>confessio-</strong></span> 
     </span>
     <span class='ocr_line' id='line_1_58' title="bbox 148 5387 1872 5477; baseline 0.004 -25"><span class='ocrx_word' id='word_1_674' title='bbox 148 5387 411 5452; x_wconf 85' lang='lat' dir='ltr'><strong>selutariemenite</strong></span> <span class='ocrx_word' id='word_1_675' title='bbox 420 5397 530 5465; x_wconf 86' lang='lat' dir='ltr'><strong>gratiae</strong></span> <span class='ocrx_word' id='word_1_676' title='bbox 539 5398 652 5471; x_wconf 88' lang='lat' dir='ltr'><strong>jugiter</strong></span> <span class='ocrx_word' id='word_1_677' title='bbox 662 5397 813 5458; x_wconf 81' lang='lat' dir='ltr'><strong>celerando</strong></span> <span class='ocrx_word' id='word_1_678' title='bbox 824 5403 973 5464; x_wconf 83' lang='lat' dir='ltr'><strong>extollens.</strong></span> <span class='ocrx_word' id='word_1_679' title='bbox 1030 5423 1097 5465; x_wconf 91' lang='lat' dir='ltr'><strong>nem</strong></span> <span class='ocrx_word' id='word_1_680' title='bbox 1111 5405 1212 5477; x_wconf 88' lang='lat' dir='ltr'><strong>itaque</strong></span> <span class='ocrx_word' id='word_1_681' title='bbox 1226 5403 1352 5460; x_wconf 89' lang='lat' dir='ltr'><strong>deducta</strong></span> <span class='ocrx_word' id='word_1_682' title='bbox 1366 5403 1471 5472; x_wconf 86' lang='lat' dir='ltr'><strong>sancti,</strong></span> <span class='ocrx_word' id='word_1_683' title='bbox 1486 5403 1586 5460; x_wconf 72' lang='lat' dir='ltr'><strong>(lisina</strong></span> <span class='ocrx_word' id='word_1_684' title='bbox 1598 5401 1746 5477; x_wconf 86' lang='lat' dir='ltr'><strong>largitatis</strong></span> <span class='ocrx_word' id='word_1_685' title='bbox 1763 5403 1872 5460; x_wconf 90' lang='lat' dir='ltr'><strong>mnni-</strong></span> 
     </span>
     <span class='ocr_line' id='line_1_59' title="bbox 184 5479 1872 5570; baseline 0.007 -30"><span class='ocrx_word' id='word_1_686' title='bbox 184 5485 223 5540; x_wconf 86' lang='lat' dir='ltr'><strong>De</strong></span> <span class='ocrx_word' id='word_1_687' title='bbox 236 5496 311 5556; x_wconf 86' lang='lat' dir='ltr'><strong>pago</strong></span> <span class='ocrx_word' id='word_1_688' title='bbox 324 5479 427 5536; x_wconf 88' lang='lat' dir='ltr'><strong>eodem</strong></span> <span class='ocrx_word' id='word_1_689' title='bbox 441 5483 574 5554; x_wconf 82' lang='lat' dir='ltr'><strong>quedem</strong></span> <span class='ocrx_word' id='word_1_690' title='bbox 585 5487 695 5542; x_wconf 85' lang='lat' dir='ltr'><strong>lemine</strong></span> <span class='ocrx_word' id='word_1_691' title='bbox 707 5503 789 5562; x_wconf 81' lang='lat' dir='ltr'><strong>nque</strong></span> <span class='ocrx_word' id='word_1_692' title='bbox 798 5491 976 5554; x_wconf 86' lang='lat' dir='ltr'><strong>lkkeveoete</strong></span> <span class='ocrx_word' id='word_1_693' title='bbox 1030 5495 1150 5554; x_wconf 88' lang='lat' dir='ltr'><strong>licencia</strong></span> <span class='ocrx_word' id='word_1_694' title='bbox 1163 5497 1192 5551; x_wconf 90' lang='lat' dir='ltr'><strong>et</strong></span> <span class='ocrx_word' id='word_1_695' title='bbox 1203 5491 1309 5549; x_wconf 90' lang='lat' dir='ltr'><strong>virium</strong></span> <span class='ocrx_word' id='word_1_696' title='bbox 1321 5489 1562 5568; x_wconf 72' lang='lat' dir='ltr'><strong>&#39;possibilitatem</strong></span> <span class='ocrx_word' id='word_1_697' title='bbox 1571 5497 1607 5550; x_wconf 88' lang='lat' dir='ltr'><strong>et</strong></span> <span class='ocrx_word' id='word_1_698' title='bbox 1622 5492 1712 5550; x_wconf 89' lang='lat' dir='ltr'><strong>totius</strong></span> <span class='ocrx_word' id='word_1_699' title='bbox 1726 5493 1872 5570; x_wconf 84' lang='lat' dir='ltr'><strong>eorporis</strong></span> 
     </span>
    </p>
   </div>
   <div class='ocr_carea' id='block_1_7' title="bbox 144 5568 1321 5662">
    <p class='ocr_par' dir='ltr' id='par_1_8' title="bbox 144 5568 1321 5662">
     <span class='ocr_line' id='line_1_60' title="bbox 144 5568 1321 5662; baseline 0.008 -32"><span class='ocrx_word' id='word_1_700' title='bbox 144 5575 325 5656; x_wconf 69' lang='lat' dir='ltr'><strong>lueretque</strong></span> <span class='ocrx_word' id='word_1_701' title='bbox 337 5568 494 5650; x_wconf 89' lang='lat' dir='ltr'><strong>permulta</strong></span> <span class='ocrx_word' id='word_1_702' title='bbox 506 5585 650 5634; x_wconf 80' lang='lat' dir='ltr'><strong>annerum</strong></span> <span class='ocrx_word' id='word_1_703' title='bbox 666 5577 812 5639; x_wconf 87' lang='lat' dir='ltr'><strong>curricula</strong></span> <span class='ocrx_word' id='word_1_704' title='bbox 827 5583 974 5662; x_wconf 89' lang='lat' dir='ltr'><strong>acingulo</strong></span> <span class='ocrx_word' id='word_1_705' title='bbox 1029 5585 1138 5662; x_wconf 84' lang='lat' dir='ltr'><strong>recepit</strong></span> <span class='ocrx_word' id='word_1_706' title='bbox 1153 5581 1321 5643; x_wconf 87' lang='lat' dir='ltr'><strong>sanitatem.</strong></span> 
     </span>
    </p>
   </div>
   <div class='ocr_carea' id='block_1_8' title="bbox 0 0 2022 6180">
    <p class='ocr_par' dir='ltr' id='par_1_9' title="bbox 0 0 2022 6180">
     <span class='ocr_line' id='line_1_61' title="bbox 0 0 2022 6180; baseline 0 5"><span class='ocrx_word' id='word_1_707' title='bbox 0 0 2022 6180; x_wconf 95' lang='lat' dir='ltr'><strong> </strong></span> 
     </span>
    </p>
   </div>
  </div>
 </body>
</html>
