3930 6172
91 351 141 408 905

676 339 854 404 HOMlhlAE
876 339 929 400 on
949 339 1148 403 l'uitpouu.

1685 301 1763 405 ‘ean

88 477 246 552 prophetam,
261 475 339 548 qnasi
364 475 461 532 adhuc
485 474 583 532 minus
606 473 763 549 sapientes,
780 475 809 528 et
825 488 882 528 non
897 471 925 540 Α
942 472 1072 529 trondem
1088 491 1140 547 per
1154 491 1243 548 quarn
1260 477 1424 550 potuissent
1439 476 1579 552 populum
1591 477 1761 551 exspoliare.

87 567 194 640 perfecte
206 564 233 620 in
245 581 307 622 eum
318 565 479 633 eredentes,
488 564 537 621 sed
550 580 607 619 rron
620 562 757 619 errabant
766 577 801 616 ex
812 563 882 616 toto.

85 656 145 710 Nam
159 657 184 710 ct
195 653 253 725 ipse
262 669 311 726 per
320 652 438 726 Moysen
450 651 593 725 propbeta
603 653 697 706 luerat
706 647 882 723 appellatus,

83 743 178 798 dicente
192 741 284 814 Moyse
296 757 302 794 ε
315 761 328 790 ιι
341 739 516 812 Prophetam
528 737 685 796 suscitabit
695 737 779 793 vobis
789 736 885 792 Domi·

83 830 208 886 nnslieus
222 833 312 886 vester
334 845 369 884 ex
393 829 534 885 iratribus
556 828 640 895 meis,
666 830 808 899 tanquam
825 841 881 894 me,

82 921 161 992 iprum
173 916 391 986 audietisilleet.
401 916 474 989 aru).
485 940 498 966 r
513 917 547 974 St
563 916 625 989 ipse
640 914 728 971 etiam
745 931 776 970 se
787 913 884 987 appel·

82 1008 136 1064 luit
159 1007 332 1080 prophetam,
350 1005 450 1064 dicem
467 1001 506 1062 :'«
523 1005 586 1061 Non
602 1008 647 1060 est
662 1003 805 1078 propbeta
819 1003 882 1060 sine

80 1096 178 1158 bonore,
190 1095 243 1150 nisi
259 1095 288 1150 in
304 1095 399 1168 patria
415 1111 469 1150 sua
484 1093 590 1166 (Metti.
604 1093 675 1165 xur).
689 1115 705 1142 ι»
718 1093 770 1150 nt:
787 1115 801 1142 ιι
818 1092 881 1148 Non

938 561 973 616 nt
988 579 1039 634 pro
1050 563 1259 621 nummulariis
1270 571 1430 640 posuerunt
1441 566 1617 642 colybystas,
1625 567 1673 640 qui
1684 565 1764 642 coly-

937 649 1012 721 bias,
1021 651 1048 706 id
1060 657 1104 708 est
1115 656 1278 726 tragemata
1288 653 1330 710 rel
1341 655 1409 712 vilia
1424 654 1600 732 munuscula
1611 655 1765 728 exigebant

937 752 955 792 a
969 738 1076 810 populo
1092 740 1138 796 cui
1150 739 1378 812 foenerabantur,
1389 748 1421 799 ut
1432 745 1508 817 quod
1522 744 1551 799 in
1562 742 1694 799 nummis
1704 759 1762 798 non

936 823 1042 882 licebat
1058 827 1200 902 accipere,
1215 829 1319 886 saltem
1336 833 1365 888 in
1387 832 1446 888 illis
1473 834 1560 889 rebus
1582 831 1764 904 accepissent

937 931 1001 987 qua
1013 917 1142 973 nummis
1154 923 1335 976 coemuntur.
1346 919 1431 976 Verbi
1442 921 1546 994 gratia,
1556 921 1663 976 irinum
1674 919 1760 988 cicer,

936 1019 1024 1059 unam
1042 1021 1170 1077 passam,
1184 1021 1270 1080 poma
1285 1007 1391 1066 diuersi
1406 1008 1521 1082 generis
1536 1013 1565 1065 et
1578 1014 1681 1066 caetera
1696 1025 1761 1082 quar

935 1093 1067 1148 nummis
1083 1095 1299 1164 coemebantur,
1316 1096 1482 1153 istiusmodi
1498 1098 1649 1156 inveniens
1664 1097 1759 1153 Domi-

80 1184 186 1257 aportuit
208 1184 380 1256 prophetam
406 1183 500 1256 perire
523 1186 604 1240 extra
625 1181 788 1238 Jerusalem
804 1181 880 1250 (Luc.
935 1197 992 1236 nus
1008 1182 1037 1238 in
1054 1180 1174 1257 templo,
1186 1184 1272 1256 eJecit
1283 1201 1395 1242 omnes.
1412 1185 1467 1242 Sed
1479 1186 1549 1260 quid
1560 1190 1668 1260 ageret,
1679 1187 1703 1242 si
1716 1186 1759 1242 in·

79 1275 133 1346 uu).
149 1297 161 1322 r
175 1275 198 1330 d
212 1273 352 1330 Nazareth
377 1271 499 1329 Galilaea
525 1271 635 1328 dicitur
658 1288 733 1338 esse,
757 1271 826 1344 quia
839 1269 881 1326 ibi
934 1269 1061 1328 venisset
1075 1270 1114 1328 ibi
1130 1271 1322 1340 luxuriantes,
1338 1273 1470 1330 ebrietati
1484 1275 1759 1348 vacantes,quando

79 1362 185 1418 nutritus
197 1365 241 1418 cst
256 1365 413 1435 postquam
428 1363 465 1418 de
479 1361 600 1434 AEgypto
615 1358 710 1418 rediit.
722 1359 881 1433 Allegorice
934 1375 968 1414 ea
983 1375 1047 1432 quae
1061 1357 1091 1415 in
1106 1358 1215 1432 templo
1226 1360 1342 1416 Domini
1353 1361 1549 1420 offerebantur
1558 1363 1664 1437 ejecit?
1676 1363 1757 1430 Quod

78 1455 154 1506 autem
163 1450 322 1511 Jerusalem
331 1448 779 1524 significatsummamvislonem
789 1447 880 1521 pacis,
934 1450 1032 1504 autem
1044 1447 1116 1503 dicit
1127 1449 1163 1504 de
1173 1449 1282 1522 templo
1293 1449 1422 1521 ejecisse,
1435 1469 1491 1507 non
1503 1453 1644 1510 dehemus
1655 1457 1758 1525 putare

77 1537 198 1595 colestem
212 1537 349 1595 videlicet
363 1538 501 1612 patriam.
514 1537 586 1594 Cum
601 1554 670 1611 ergo
685 1538 823 1594 intrasset
835 1537 882 1593 Je-
934 1536 1013 1608 quod
1028 1535 1106 1591 intra
1115 1536 1258 1609 templum
1272 1535 1339 1593 talio
1350 1544 1529 1610 gererentur,
1540 1542 1590 1597 sed
1602 1541 1632 1598 in
1642 1539 1760 1630 portici-

76 1643 115 1684 sus
127 1625 295 1698 Jerusalem,
311 1627 339 1682 id
356 1632 402 1682 ast
418 1631 484 1683 cum
513 1643 566 1698 per
579 1625 760 1682 ascensionis
773 1629 881 1699 myste-
934 1625 990 1680 bus
1005 1642 1069 1698 qua
1092 1625 1209 1698 templis
1231 1625 1427 1684 adhaerebant.
1445 1651 1459 1678 ιι
1476 1631 1508 1683 nr
1523 1629 1676 1687 cathedras
1690 1647 1758 1686 ven·

75 1715 134 1770 rimu
147 1719 310 1788 penetraret
325 1712 422 1783 coelos,
437 1717 602 1770 commotus
618 1718 662 1770 est
676 1713 819 1771 exercitus
834 1731 882 1769 su·
934 1737 948 1764 ιι
966 1714 1098 1770 dentium
1123 1713 1276 1772 columbas
1291 1716 1402 1771 evertit.
1420 1737 1435 1766 r
1450 1715 1597 1774 Columba
1614 1735 1670 1775 non
1685 1718 1758 1775 resi·

75 1819 207 1876 pernarum
223 1802 367 1859 virtutum
383 1803 413 1858 in
428 1801 552 1858 adventu
569 1800 792 1868 illius,dicens:
810 1801 880 1868 Quis
935 1801 1004 1857 dont
1019 1800 1048 1858 in
1066 1801 1223 1874 cathedris,
1234 1803 1284 1859 sed
1300 1803 1398 1876 potius
1414 1804 1443 1860 in
1459 1805 1758 1874 caveis,utDominus

74 1897 106 1948 cet
119 1891 182 1948 bic?
197 1894 280 1959 Quod
305 1891 462 1948 Psalmista
483 1891 612 1963 apertius
635 1890 763 1964 exponit,
780 1889 881 1947 dicens
935 1889 1137 1948 columbarum
1153 1891 1308 1948 cathedras
1323 1895 1482 1950 everteret:
1499 1895 1560 1964 sed,
1577 1893 1654 1952 sicut
1668 1893 1758 1970 aliqui

74 1997 224 2052 capersana
246 1979 449 2056 angelicarum
464 1979 606 2036 virtutum
625 1997 631 2036 :
650 2003 663 2030 ιι
681 1979 751 2045 Quis
766 1983 811 2036 ost
826 1979 881 2036 iste
933 1981 1045 2048 volunt,
1053 1980 1217 2036 venditores
1228 1980 1397 2036 earumdem
1409 1981 1614 2040 columbarum
1624 1983 1653 2040 in
1665 1983 1761 2040 cathe-

72 2086 109 2124 mx
121 2069 237 2143 gloria?
252 2093 268 2120 ιι
286 2069 321 2126 St
332 2071 547 2143 respondentes
562 2067 604 2124 illi
616 2055 666 2141 qui
678 2085 744 2124 enm
756 2068 880 2124 Domino
934 2067 995 2124 dris
1011 2067 1187 2125 residebant.
1200 2069 1279 2134 Quod
1290 2075 1387 2126 tamen
1404 2070 1525 2127 minime
1540 2072 1680 2145 procedit,
1690 2071 1760 2144 quia

71 2158 271 2230 gradiebantur,
287 2159 424 2216 dixerunt
440 2175 447 2213 z
465 2180 479 2208 ιι
496 2157 639 2214 Dominus
658 2157 802 2214 virtutum
818 2157 880 2229 ipse
934 2153 1073 2214 cathedra
1083 2174 1139 2212 non
1152 2161 1195 2212 est
1205 2158 1487 2230 negotiatorumsed
1498 2160 1597 2233 potius
1608 2161 1759 2234 magistro·

70 2251 102 2301 cst
116 2263 159 2302 rex
173 2244 274 2320 gloriae
287 2247 373 2316 (Psoi.
386 2248 479 2315 xxru).
495 2269 509 2295 ι»
525 2247 606 2312 Quod
622 2245 723 2310 isaias,
734 2243 804 2302 licat
814 2243 880 2300 aliia
934 2262 1000 2302 rum
1016 2249 1044 2300 et
1058 2245 1316 2320 doctorumgouod
1333 2251 1431 2306 nutem
1446 2247 1589 2304 Dominus
1605 2249 1759 2307 cathedras

69 2335 155 2404 verbis,
171 2341 273 2392 tamen
289 2336 391 2392 eadem
409 2333 624 2409 significatione
640 2333 821 2407 pronuntiat,
839 2333 881 2389 di·
933 2335 1121 2390 vendentium
1139 2333 1290 2390 eolumbas
1306 2336 1759 2407 evertit‚etmeasasnummula·

70 2439 122 2480 cens
136 2426 194 2498 (lsa.
212 2429 312 2493 curru:
324 2447 339 2474 ιι
356 2423 426 2492 Quis
442 2424 554 2486 caieta
570 2421 620 2496 qui
636 2422 715 2478 venit
730 2423 877 2490 dalidam,
934 2421 1044 2479 riorum
1060 2423 1212 2492 destruxit,
1229 2427 1402 2504 clementes
1418 2430 1446 2481 et
1467 2425 1626 2484 rendentes
1651 2431 1761 2499 pariter

69 2513 150 2568 tinctis
163 2513 297 2570 vestibus
322 2513 358 2568 de
383 2513 498 2568 Basra?
514 2535 526 2562 ι
543 2513 579 2568 Et
602 2511 701 2567 statim
728 2511 880 2583 subjunxit
933 2511 968 2567 de
984 2510 1094 2584 templo
1108 2512 1274 2567 iudeorum
1291 2513 1473 2584 ejecit‚aliud
1485 2514 1702 2586 gerendo‚aliud
1715 2531 1761 2588 ga-

69 2617 93 2656 er
105 2602 289 2674 responsione
304 2601 487 2676 angelorum,
505 2600 559 2681 ‘qni
575 2598 733 2656 Dominum
755 2600 879 2656 comita·
934 2600 1056 2656 randum
1081 2615 1145 2656 osse
1158 2600 1328 2658 insinuarit.
1349 2602 1514 2659 vendentes
1538 2608 1567 2658 et
1582 2610 1713 2662 ementes
1728 2603 1759 2660 in

68 2689 177 2746 bantur:
195 2713 209 2740 ιι
225 2695 289 2747 Iste
305 2690 453 2748 formosus
468 2691 498 2746 in
526 2689 600 2748 stola
615 2705 680 2754 sua,
696 2689 834 2763 gradiens
849 2689 877 2745 in
932 2687 1061 2744 Ecclesia
1075 2693 1144 2744 sunt
1159 2689 1209 2761 qui
1226 2705 1325 2746 saeros
1336 2690 1453 2746 ordines
1463 2690 1506 2746 vel
1518 2692 1553 2747 nd
1564 2689 1690 2763 pretium
1702 2691 1758 2748 lar·

9 2819 20 2836 „
68 2777 236 2839 multitudine
253 2778 439 2836 fortitudinis
455 2796 524 2835 sus.
545 2801 559 2830 ιι
932 2777 1063 2850 giratur,
1083 2776 1126 2832 vel
1151 2777 1186 2832 nd
1209 2776 1335 2850 pretium
1360 2778 1534 2851 percipiunt.
1559 2779 1665 2836 Mensae
1690 2797 1757 2837 vero

9 2881 10 2902 ¹
93 2865 590 2940 «litiatraritlesnsintemplum
607 2865 877 2940 Dei,»etreliqua.
933 2863 1757 2941 nummulariorumappellantnraitariaDei‚proptarara·

67 2952 134 3010 ltedit
146 2956 228 3012 nobis
245 2956 391 3012 Dominus
406 2955 583 3030 exemplum,
596 2953 630 3011 ut
644 2956 878 3029 quotiescunque
932 2955 1030 3011 ritiam
1042 2953 1295 3026 sacerdotum,qui
1308 2955 1343 3010 ad
1353 2953 1407 3010 boc
1419 2955 1561 3012 assistunt
1571 2955 1757 3025 altariptlu·

66 3042 90 3098 in
101 3045 192 3101 urbem
206 3044 252 3102 vel
273 3045 302 3100 in
315 3043 414 3100 villam
431 3029 637 3118 procedamus,
649 3044 779 3117 primum
790 3061 879 3102 causa
931 3059 1013 3100 crum
1026 3043 1094 3098 inde
1104 3045 1252 3098 terrenum
1266 3043 1428 3114 acquirant.
1442 3043 1523 3100 Siout
1532 3061 1601 3117 argo
1615 3046 1755 3103 [lominus

66 3133 319 3190 orationisdomnm
330 3132 379 3190 liei
390 3137 570 3206 expetamus,
578 3149 611 3188 ac
620 3132 757 3206 deinceps
767 3149 802 3190 ea
812 3149 877 3208 quae
931 3136 1002 3188 tuuc
1016 3130 1156 3204 temporis
1170 3131 1329 3187 vendentes
1339 3135 1368 3186 et
1378 3136 1506 3188 ementes
1517 3133 1626 3206 pariter
1637 3135 1672 3190 de
1683 3139 1754 3192 tem·

66 3223 160 3292 agenda
173 3223 261 3280 nobis
278 3226 350 3279 sont
364 3239 433 3280 aum
447 3221 497 3280 Dei
513 3219 659 3294 adjutorio
671 3237 877 3295 exsequamur.
892 3203 914 3274 G
932 3220 980 3294 plo
1000 3218 1140 3294 corporali
1164 3219 1242 3292 quod
1266 3223 1328 3298 apat
1353 3219 1383 3276 in
1406 3219 1581 3288 Jerusalem,
1598 3222 1700 3294 ejecit3
1714 3223 1756 3281 ita

9 3285 11 3380 l
67 3307 241 3386 ltingressus
253 3312 287 3368 in
297 3311 453 3384 templum,
465 3333 479 3362 ιι
492 3310 626 3382 ejiciebat
636 3327 739 3367 omnes
752 3311 879 3367 readen-
931 3309 1020 3366 etiarn
1036 3325 1113 3364 nunc
1129 3307 1260 3380 quotidie
1274 3309 1309 3364 de
1321 3309 1431 3383 templo
1446 3309 1711 3382 spirituali,boeest
1721 3313 1757 3370 de

9 3389 10 3426 l
67 3403 126 3454 «tes
145 3404 174 3458 et
190 3402 328 3458 ementes
353 3399 383 3456 in
407 3397 527 3472 templo.
547 3421 560 3448 u
577 3398 778 3472 Repetendum
802 3403 878 3458 esra
933 3401 1034 3456 sancta
1049 3395 1187 3466 Ecclesia,
1197 3397 1356 3454 vendentes
1370 3400 1399 3453 et
1414 3401 1545 3455 ementes
1557 3400 1652 3471 ejecit,
1668 3400 1698 3457 id
1713 3405 1758 3458 est

9 3487 10 3538 l
66 3490 260 3549 masmtudinc
287 3488 467 3553 iudeorum,
484 3487 534 3561 qui
554 3493 637 3546 erant
660 3489 819 3546 vendentes
833 3487 877 3544 vel
932 3491 961 3542 et
975 3503 1024 3542 eos
1039 3485 1088 3558 qui
1105 3501 1156 3558 per
1169 3485 1309 3558 pecunias
1320 3487 1429 3560 gradus
1439 3485 1590 3560 diguitatis
1600 3477 1758 3562 accipiunt,

65 3581 184 3636 emenus.
201 3577 398 3650 Praecipiebat
409 3577 517 3634 etenim
532 3577 578 3634 lex
592 3578 683 3647 (Dent.
699 3577 757 3649 aar)
771 3580 805 3632 ut
818 3593 879 3632 om·
920 3572 977 3632 ‘vel
993 3573 1043 3647 qui
1059 3574 1176 3632 eosdem
1192 3574 1302 3646 gradus
1317 3575 1352 3630 ad
1377 3575 1504 3648 pretium
1526 3575 1713 3650 largiuntur:
1730 3581 1760 3635 et

65 3665 101 3720 nis
113 3667 233 3740 papulus
246 3665 332 3740 regni
347 3665 363 3722 J
368 3665 518 3722 udaorum
534 3671 688 3740 appareret
701 3665 731 3722 in
747 3682 823 3722 anno
835 3668 880 3722 ter
933 3663 958 3720 si
974 3681 1032 3720 non
1048 3680 1065 3718 a
1080 3662 1214 3735 prasenti
1230 3663 1368 3732 Ecclesia,
1391 3663 1495 3721 saltem
1517 3664 1647 3722 alutura
1661 3666 1756 3722 elimi-

66 3752 87 3808 io
101 3761 251 3828 conspectu
270 3753 397 3822 Domini,
413 3757 502 3826 atque
518 3753 736 3812 confluentibus
750 3755 786 3810 ad
803 3759 878 3810 tem·
933 3755 1051 3808 nantur.
1064 3773 1078 3802 ιι
1094 3748 1128 3808 nt
1143 3751 1297 3808 cathedras
1310 3751 1499 3808 vendentium
1510 3752 1664 3826 columbas
1676 3770 1755 3811 evor-

66 3841 132 3913 plum
144 3845 274 3904 dabatur
288 3847 478 3916 praereptum.
493 3864 507 3893 ιι
519 3842 581 3898 Non
598 3843 753 3916 apparebis
769 3843 877 3900 incon·
932 3840 977 3897 tit.
987 3863 1001 3892 u
1012 3839 1345 3923 Pcrcolumbasdonnm
1355 3839 1481 3914 Spiritus
1491 3842 1584 3898 sancti
1594 3841 1757 3917 intelligere

68 3937 149 4002 speetu
167 3933 216 3990 Dei
238 3947 354 3988 vacuus
366 3929 464 3999 (deod.
474 3930 531 4002 av).
546 3953 560 3980 »
575 3930 608 3986 ln
623 3929 672 3988 illo
687 3947 755 4003 ergo
771 3929 879 4004 templo
933 3929 1086 3996 debemus,
1101 3927 1311 4002 propterquod
1328 3925 1357 3984 in
1382 3929 1478 4000 specie
1502 3929 1592 4004 hrq'us
1617 3929 1755 3988 animalis

68 4019 500 4092 augustissimo,adquodtotum
510 4019 881 4092 regnumludsorumcon·
933 4033 1022 4090 super
1036 4013 1193 4083 Dominum
1205 4015 1384 4087 baptizatum
1396 4015 1523 4089 Spiritus
1536 4023 1657 4084 sanetus
1667 4037 1758 4095 appa-

70 4105 279 4176 nuruumque
287 4105 411 4163 victima
422 4105 630 4174 offerebantur,
638 4107 725 4162 boves
735 4104 878 4176 videlicet,
933 4105 1002 4161 ruit.
1014 4103 1095 4168 Quod
1105 4118 1173 4176 ergo
1184 4101 1326 4158 Dominus
1337 4107 1407 4160 tuac
1420 4105 1559 4177 temporis
1570 4111 1761 4182 corporaliter

70 4195 164 4268 metes,
174 4214 243 4259 oves
254 4199 286 4252 et
296 4199 436 4268 oaprae,et
448 4211 591 4268 passeres
602 4195 655 4252 Sed
668 4194 739 4270 quia
748 4193 832 4250 multi
844 4195 880 4250 de
933 4193 1003 4266 egit,
1013 4191 1067 4247 boo
1078 4190 1234 4263 significat,
1244 4190 1321 4263 quod
1333 4189 1506 4263 dignitatem
1517 4197 1546 4248 et
1560 4195 1759 4259 ministerium

70 4279 217 4360 longinquis
228 4283 402 4358 regionibus
413 4281 724 4356 superveniebant,qui
734 4281 882 4340 aecnmvi·
935 4279 1053 4336 illorum
1069 4278 1275 4334 destructurus
1297 4282 1384 4344 esset,
1410 4277 1458 4350 qui
1485 4280 1609 4351 gratiam
1632 4283 1760 4358 Spiritus

70 4373 157 4430 elimas
166 4379 196 4430 at
206 4371 356 4431 sacrificia
366 4371 509 4427 addacem
520 4387 578 4426 non
588 4369 883 4444 poterant‚bnbebant
935 4367 1110 4439 sanctique
1119 4362 1245 4420 maximo
1254 4364 1414 4438 perimposi
1419 4365 1526 4436 tionem
1538 4371 1760 4442 mannsepisao·

71 4467 227 4532 preparatas
238 4461 409 4518 sacerdotes
419 4459 554 4519 victimas
564 4457 669 4514 diversi
680 4458 806 4531 generis,
816 4474 882 4531 qum
936 4451 1246 4529 porumlargitur,nisi
1255 4457 1372 4525 accepto
1384 4452 1504 4526 premio
1514 4472 1571 4511 non
1583 4455 1759 4531 largiuntur.

972 4566 987 4594 ιι
1003 4541 1151 4614 Scriptum
1167 4543 1230 4598 est:
1243 4541 1354 4598 Domus
1364 4557 1430 4597 mea
1440 4540 1546 4600 domus
1562 4544 1701 4603 orationis
1711 4563 1761 4605 ro-

71 4547 94 4602 in
106 4566 184 4606 usum
200 4548 416 4608 sacrificiorum
438 4550 522 4616 erent
536 4549 614 4619 apta,
630 4549 664 4602 ut
681 4545 830 4602 venientes
845 4548 881 4603 ad
897 4567 921 4634 D

72 4635 196 4708 tenplum
212 4635 331 4696 Domini
347 4635 524 4694 sncndcinm
539 4634 722 4692 emerantllt
735 4633 777 4689 ita
789 4634 883 4690 adha-
937 4629 1091 4688 «cabitur.
1101 4651 1114 4680 a
1124 4627 1234 4686 idcirco
1244 4629 1321 4685 enim
1334 4628 1400 4701 quia
1416 4629 1496 4688 adira
1510 4631 1596 4688 debet
1605 4634 1760 4708 templum,

72 4721 254 4800 rebalduplex
262 4724 469 4797 compendium
481 4723 592 4780 Scribis
602 4726 632 4779 et
641 4721 883 4780 Pharisais.Nam
937 4725 970 4776 nt
985 4731 1089 4793 puram
1104 4721 1133 4774 et
1142 4717 1322 4790 frequentem
1335 4715 1544 4776 orationemibi
1553 4727 1694 4779 exerceat.
1705 4723 1760 4780 Sed

73 4813 223 4882 elpretium
236 4829 337 4876 rerum
348 4811 707 4884 suarum,accipiebunt,et
719 4811 796 4882 quod
807 4826 885 4866 ems·
936 4812 1008 4864 tuno
1020 4807 1050 4862 in
1072 4804 1244 4878 speluncam
1268 4803 1415 4862 latronum
1439 4807 1629 4879 convertitur,
1645 4811 1762 4884 qnando

73 4895 278 4968 ieiunitatem
303 4899 334 4956 in
360 4916 430 4957 suos
455 4917 528 4958 usus
547 4899 729 4972 redigebant.
744 4899 800 4956 Sed
816 4897 885 4973 quia
938 4893 1061 4972 quilibet
1076 4909 1111 4949 ex
1125 4909 1207 4950 sacro
1221 4891 1384 4950 ministerio
1400 4891 1516 4952 lucrum
1532 4894 1587 4952 sibi
1598 4896 1762 4972 temporale

73 4983 189 5044 fraudem
213 4973 318 5046 aarum
343 4986 514 5046 excludebat
528 4985 628 5060 inopia
642 5002 817 5060 pauperum,
833 4985 883 5059 qui
938 4981 1088 5054 acquirere
1104 4981 1257 5036 desiderat.
1275 4979 1472 5052 Spiritualiter
1497 4986 1596 5040 autem
1619 4984 1764 5060 templum

938 5071 989 5128 Dei
1005 5087 1089 5127 mens
1112 5068 1345 5140 uniuscujusque
1367 5068 1463 5126 fidelis
1485 5075 1539 5128 est
1560 5071 1641 5130 Unde
1656 5073 1765 5134 Paulus

940 5158 1091 5232 apostolus
1106 5155 1196 5212 dicit:
1209 5177 1223 5207 ιι
1238 5153 1394 5227 Templum
1411 5157 1460 5214 Dei
1475 5164 1612 5218 sanctum
1626 5167 1671 5220 eat
1686 5162 1765 5236 quod

76 5249 196 5308 eruunt
209 5254 344 5314 fraudem
356 5253 501 5326 quomodo
514 5254 640 5325 praedam
657 5255 776 5326 agerent
790 5251 825 5318 ds
836 5267 886 5323 po·
939 5249 1010 5304 estis
1024 5263 1075 5304 vos
1091 5246 1115 5318 (l
1127 5248 1189 5302 Gor.
1199 5244 1252 5316 ur).
1266 5265 1280 5293 a
1291 5243 1346 5300 Sed
1362 5243 1416 5300 hnc
1431 5247 1576 5320 templum
1591 5250 1641 5308 Dei
1654 5251 1688 5308 in
1698 5267 1765 5327 spo-

77 5336 145 5405 pulo,
157 5345 186 5397 at
200 5342 232 5418 in
249 5339 357 5414 templo
374 5345 532 5414 posuerunt
546 5338 816 5406 nummularios,ut
831 5337 887 5396 sin·
940 5335 1058 5392 laneam
1073 5331 1197 5390 latronis
1212 5332 1400 5400 convertitur,
1426 5336 1545 5406 quando
1559 5335 1590 5393 in
1616 5337 1766 5398 mentibus

77 5425 142 5494 guis
155 5428 355 5503 indigentibus
370 5429 498 5502 pecunia
515 5429 734 5486 imperarentur.
746 5427 802 5484 Sed
818 5427 888 5499 quia
941 5423 1049 5480 nostris
1059 5421 1192 5478 raciones
1202 5421 1342 5494 proximis
1354 5422 1462 5479 nostris
1473 5425 1682 5498 excogitamus.
1690 5426 1769 5484 Dum

77 5508 114 5568 lex
128 5517 297 5587 prohibebat
312 5533 443 5586 usuram,
459 5522 488 5576 et
498 5517 622 5590 pecunia
635 5515 717 5573 illata
731 5513 804 5571 nihil
819 5530 886 5586 pro·
941 5513 1019 5570 enim
1035 5508 1158 5566 sollicite
1172 5509 1337 5584 cogitamus
1352 5511 1382 5567 in
1394 5513 1531 5570 cordibus
1542 5513 1702 5586 nostriani
1715 5530 1769 5574 no·

78 5597 150 5686 desse
172 5611 284 5688 poterat
308 5606 372 5666 stne
395 5623 495 5678 asara,
512 5605 700 5664 commentati
714 5607 785 5664 sunt
798 5603 886 5666 aliam
941 5616 1005 5663 oere
1019 5597 1179 5674 valeamus,
1195 5597 1323 5660 latrones
1337 5598 1367 5658 in
1389 5605 1487 5663 manta
1510 5606 1613 5666 nostra
1637 5601 1721 5682 quael
1735 5600 1785 5682 lu·

75 5074 885 5149 nonsolumviclimasnoahabebant,sedetiamnecpecu·

75 5159 128 5217 nias
138 5166 246 5236 quibus
256 5170 388 5222 emerent
397 5164 425 5220 id
436 5165 513 5241 quod
524 5162 722 5221 necessarium
732 5162 886 5235 ernt,cogi-
