3950 6174
114 349 161 410 en
713 321 891 412 ncunrn
911 343 964 408 ou
985 337 1182 410 marrona.
1433 313 1437 318 ’
1743 356 1803 417 era

112 489 148 539 cst
161 498 191 538 ao
206 481 230 538 si
247 482 356 540 diceret
372 501 378 540 :
396 485 468 542 'l'em
484 485 583 543 lucide
606 489 633 539 rt
660 483 865 556 praecluserit
881 499 923 536 ns-
940 480 1103 550 Adicitur:
1117 505 1128 530 a
1144 481 1195 566 lilii
1208 487 1251 536 cst
1263 479 1418 539 thesaurus
1431 484 1647 550 luus,ibiestol
1659 505 1707 544 cor
1719 495 1802 548 tuum

112 571 198 628 censio
213 587 290 639 mea,
307 576 339 628 ut
354 571 453 631 nullus
468 580 598 631 vestrum
618 574 749 647 indigeat
772 588 819 628 me
834 573 926 628 inter-
981 569 1087 637 (narrt.
1101 573 1157 638 v1);
1176 592 1189 618 a
1205 571 1355 628 etiterum
1376 589 1383 628 :
1402 595 1417 622 «
1433 573 1487 629 Ubi
1503 574 1589 630 tuerit
1603 592 1719 647 corpus,
1735 578 1804 635 illuc

112 676 202 734 rogere
218 676 277 732 quo
291 661 407 729 vadam,
422 662 590 718 videntibus
603 662 718 720 cunctis
732 662 807 734 quod
821 659 925 715 crolum
981 657 1237 730 congregabuntur
1250 663 1281 716 et
1295 657 1399 733 aquile
1416 662 1491 733 (Lac.
1501 669 1559 728 vn).
1573 686 1587 714 n
1604 665 1637 718 ut
1650 663 1713 720 ideo
1724 669 1805 723 tanto

112 748 269 808 ascendum.
280 749 353 805 Nam
367 764 434 805 cum
451 750 586 822 superins
598 751 709 806 iturum
725 766 756 804 se
766 749 800 805 ad
817 747 928 821 passio·
981 746 1137 818 perl'eotius
1147 747 1290 820 Spiritum
1301 753 1435 806 sanctum
1445 755 1512 823 post
1521 753 1722 810 ascensionem
1734 756 1810 811 auci·

111 855 169 894 nem
184 836 363 908 prediceret,
379 837 501 895 dicens:
520 863 534 888 a
551 838 654 905 Pilioli,
667 838 764 894 adhue
778 837 926 892 modicum
981 850 1049 906 pere
1064 834 1217 892 risibiliter
1232 842 1413 902 meruerunt,
1430 843 1540 910 quanto
1566 839 1596 893 in
1621 841 1686 910 ejus
1709 857 1807 898 amore

109 925 250 982 vobiscum
269 941 335 982 sum
348 926 449 999 (ibid),
466 949 480 977 n
491 931 519 983 et
529 927 605 984 sicut
618 926 727 984 Judais
742 925 814 982 dixit
825 941 831 981 :
844 925 927 989 «Quo
981 921 1109 996 amplius
1124 929 1296 981 exemerunt
1312 941 1318 981 :
1335 925 1433 982 etheo
1456 931 1502 982 est
1516 928 1593 1002 quod
1610 928 1660 985 ait
1676 951 1691 980 a
1707 929 1736 986 Si
1754 945 1806 1004 ego

110 1031 156 1089 ego
167 1015 249 1080 vado,
265 1030 315 1070 vos
328 1030 385 1070 non
400 1015 522 1088 potestis
545 1015 643 1072 venire
659 1018 748 1084 (donn.
764 1018 836 1082 run),
853 1035 868 1064 c
883 1013 928 1069 in·
982 1028 1040 1068 non
1056 1011 1164 1076 abiero,
1174 1012 1558 1072 Paracletusuonseuietad
1569 1033 1630 1074 noe.
1643 1040 1658 1068 c
1670 1018 1746 1076 Bene
1758 1035 1808 1077 au·
1910 997 1923 1012 ⁵

112 1103 258 1176 terrogavit
272 1119 339 1159 cum
355 1103 469 1173 Petrus,
486 1103 586 1162 dicens
603 1121 610 1161 :
627 1127 641 1155 a
659 1104 790 1170 Domine,
807 1119 865 1176 quo
878 1118 927 1158 ve·
982 1104 1041 1156 tem
1056 1099 1183 1172 Spiritus
1194 1100 1358 1174 paracletus
1368 1103 1711 1179 nominaturmepdatvraca
1727 1109 1806 1166 euim

111 1190 173 1246 disi
188 1213 202 1240 »
217 1192 307 1262 (loon.
325 1193 400 1264 xrn.)
415 1191 485 1250 Vise
510 1196 607 1249 autem
623 1192 803 1250 ascensionis
824 1191 928 1266 glorio,
983 1189 1089 1256 Grece,
1102 1189 1202 1246 Latine
1211 1192 1365 1248 consolator
1374 1191 1433 1248 sine
1445 1191 1590 1250 edoccatur
1602 1194 1719 1252 dicitur.
1732 1198 1808 1256 Bene

111 1295 162 1335 non
179 1295 295 1337 neccsse
311 1279 481 1337 babuerunt
498 1281 678 1356 interrogare
705 1299 762 1355 quo
786 1283 927 1355 pergeret,
983 1276 1149 1335 consolator
1163 1279 1340 1352 dicitur‚qui
1356 1297 1413 1336 non
1428 1280 1523 1338 solum
1539 1286 1609 1338 tuuc
1624 1283 1711 1340 corda
1722 1302 1807 1358 apos·

111 1368 183 1439 qnia,
199 1365 275 1424 siem
290 1367 384 1424 Lucas
408 1373 508 1426 narrat
532 1371 561 1426 in
575 1371 697 1427 Actibus
717 1370 929 1444 apostolorum,
983 1366 1108 1423 telorum
1125 1367 1161 1423 de
1176 1369 1290 1424 Domini
1304 1369 1439 1426 absentia
1451 1371 1602 1428 meantia
1612 1371 1757 1430 consolari
1767 1373 1810 1430 di·

110 1455 268 1512 videntibus
283 1457 399 1514 cunetis
413 1457 544 1514 elevatus
558 1464 611 1526 esi,
629 1463 658 1515 et
683 1461 777 1515 nubes
802 1458 930 1531 suscepit
983 1459 1090 1528 gnatus
1101 1456 1213 1522 est,sed
1225 1456 1312 1512 eliam
1327 1457 1457 1530 quotidie
1472 1475 1524 1531 pro
1539 1461 1646 1533 pcccati
1664 1466 1810 1534 perpetra-

111 1543 928 1604 eurnabeculiseorum.lltcumintuerenturincoelum
983 1543 1062 1599 tione
1095 1542 1274 1616 lugentibus,
1303 1546 1374 1601 dum
1411 1562 1493 1619 spem
1529 1550 1674 1620 promittit
1707 1552 1807 1620 veniae,

111 1639 219 1690 mntem
235 1633 332 1702 illum,
347 1635 487 1692 continuo
511 1637 570 1692 duo
593 1636 646 1692 viri
669 1637 825 1694 astiterunt
846 1638 931 1707 ,juxta
984 1632 1809 1709 maximamconsolationemtribuit.Cujusconsolationis

112 1723 173 1780 illos
186 1723 216 1778 in
235 1722 366 1779 vestibus
382 1722 467 1789 albis,
485 1725 535 1797 qui
551 1729 581 1780 et
595 1723 752 1780 dixerunt:
769 1749 784 1776 «ι
799 1723 859 1780 Viri
875 1724 929 1780 Ga·
984 1737 1038 1792 opo
1053 1737 1084 1777 se
1099 1721 1284 1778 sublevatum
1301 1728 1428 1791 noverat,
1438 1725 1488 1796 qui
1499 1725 1633 1782 dicebat:
1648 1751 1662 1778 «
1674 1727 1811 1787 Consola-

111 1811 182 1877 lilai,
198 1809 268 1884 quid
284 1810 370 1868 statis
384 1811 559 1884 aspicientes
582 1812 613 1868 in
634 1811 764 1869 coelum‘l
779 1813 830 1869 llic
843 1812 931 1869 lesus
984 1809 1080 1865 tiones
1094 1813 1162 1878 ture,
1178 1809 1310 1876 Domine,
1328 1810 1546 1880 letificaverunt
1561 1816 1689 1872 animam
1713 1833 1809 1876 meam

112 1901 159 1973 qui
172 1904 343 1972 assumptus
365 1904 410 1956 est
434 1917 451 1955 a
471 1901 554 1957 vobis
577 1901 607 1956 in
630 1902 746 1970 carlum,
771 1901 813 1957 sic
838 1901 930 1957 veniet
984 1899 1071 1967 (Prot.
1087 1903 1175 1968 xcrtr).
1194 1919 1207 1947 o
1224 1899 1278 1955 Pro
1293 1915 1351 1971 quo
1373 1901 1404 1956 in
1425 1901 1524 1958 Graec
1545 1900 1674 1976 legitur:
1691 1915 1811 1982 Λιπαρα-

114 1989 354 2061 quemadmodum
369 1987 484 2044 vidistis
496 2005 563 2045 eum
575 1995 691 2046 euntem
703 1990 732 2046 in
744 1989 847 2046 coelum
859 1991 928 2063 (act.
984 1995 1082 2056 κλήσεις
1097 2011 1140 2044 acc
1156 1995 1265 2061 ιῠφρααν
1278 1999 1325 2056 τὴν
1339 1997 1423 2064 ψυχήν
1438 2014 1493 2061 μου,
1511 1991 1547 2048 ut
1569 1992 1675 2050 iterum
1694 2012 1700 2050 :
1718 2019 1733 2046 «
1749 1997 1811 2053 Me.

114 2083 141 2146 ι),
157 2100 170 2126 r
185 2077 217 2133 ut
231 2077 300 2150 quia
318 2083 438 2134 noverat
452 2078 594 2135 Dominus
609 2080 684 2151 qnod
701 2079 760 2135 baec
776 2095 829 2134 sua
844 2079 932 2135 verba
985 2091 1050 2131 mor
1065 2076 1105 2131 lui
1118 2076 1300 2148 judiciorum
1323 2082 1452 2146 tuorum,
1470 2081 1603 2151 Domine,
1619 2099 1636 2138 a
1650 2083 1767 2152 seculo,
1783 2090 1813 2144 at

115 2171 189 2224 tauto
203 2167 344 2239 majorem
359 2166 510 2224 tristitiam
532 2167 561 2223 iu
579 2169 714 2225 cordibus
733 2166 930 2240 apostolorum
985 2163 1152 2221 consolatus
1168 2181 1233 2220 surn
1259 2167 1345 2234 (Pscl.
1373 2169 1479 2240 cxvrn).
1497 2191 1511 2219 »
1529 2169 1717 2229 Recteeliom
1733 2173 1811 2231 idem

114 2260 288 2329 generarent,
305 2260 414 2329 quanto
429 2271 460 2312 se
474 2255 600 2313 vicinius
621 2255 657 2314 ab
679 2258 722 2314 eis
746 2271 930 2313 recessurum
985 2253 1112 2326 Spiritus
1124 2255 1281 2310 advocatus
1296 2255 1413 2325 dicitur,
1425 2259 1493 2328 quia
1505 2275 1556 2331 pro
1569 2261 1677 2319 nostris
1689 2264 1814 2321 excessi·

115 2345 290 2418 predicebat,
303 2347 446 2417 adjunxit,
462 2345 571 2402 diceus.
985 2341 1180 2415 busquotidie
1191 2343 1305 2400 Patrem
1315 2343 1490 2416 interpellat,
1500 2347 1577 2403 siout
1587 2351 1627 2404 eit
1637 2351 1810 2423 Apostolus:

148 2457 160 2482 α
176 2434 228 2488 Sed
245 2433 314 2505 quie
329 2433 388 2490 bac
404 2433 519 2490 locutus
534 2451 600 2491 sum
625 2436 718 2506 vobis,
734 2436 851 2491 tristitia
873 2436 930 2492 im·
986 2431 1081 2486 «Nam
1092 2433 1170 2505 quod
1181 2433 1812 2514 oremus,sieutoportetncscimua,aedipse

19 2571 21 2574 .
119 2522 931 2598 ·plevitcorvestrurn.»Necenimabsqucgravirnoerore
986 2521 1113 2594 Spiritus
1127 2521 1259 2594 postulet
1271 2539 1323 2594 pro
1339 2523 1425 2580 nobis
1440 2525 1599 2594 gemitibus
1610 2525 1818 2610 inenarrabili¹

117 2613 175 2683 ejus
189 2611 350 2668 absentiam
368 2611 545 2683 corporalem
572 2612 672 2668 audire
687 2619 830 2685 poterant,
847 2615 931 2686 eujus
985 2612 1041 2666 bus
1058 2611 1143 2683 (ltmm
1160 2611 1417 2679 irritamentum
1433 2618 1530 2669 autern
1546 2615 1582 2668 dc
1597 2616 1729 2686 ejusdem
1746 2619 1813 2692 Spi-

118 2701 204 2774 gratia
214 2701 368 2757 demando
379 2700 460 2758 electi
471 2702 657 2774 eraut,oujus
669 2701 933 2758 doctrinoinstrue·
987 2701 1061 2755 ritus
1075 2699 1152 2754 dono
1166 2698 1289 2769 apostoli
1306 2700 1464 2772 protecturi
1480 2707 1588 2774 essent,
1607 2704 1814 2766 manifestatur

119 2789 321 2864 bantur,eujus
331 2789 517 2846 sermonibus
527 2790 773 2860 informabantur,
784 2792 869 2862 eujus
880 2791 932 2846 mi·
986 2805 1052 2844 cum
1069 2787 1206 2844 subditur
1222 2804 1228 2842 :

119 2877 217 2934 reculis
228 2878 480 2951 jucundabantur.
493 2879 526 2934 m
535 2895 622 2951 quem
635 2878 746 2936 obicem
759 2884 788 2938 et
800 2880 932 2938 defenso·
1023 2899 1037 2925 «
1056 2876 1089 2930 lli
1104 2891 1172 2930 cum
1186 2875 1298 2931 venerii
1309 2875 1368 2943 ille,
1378 2881 1481 2949 arguet
1494 2879 1638 2935 mundum
1649 2881 1685 2936 de
1696 2887 1812 2954 peccalo

121 2983 175 3024 rem
191 2967 217 3023 in
233 2967 371 3024 omnibus
387 2966 561 3034 sentiebant,
578 2967 641 3023 sine
661 2983 767 3042 magno
782 2968 882 3026 dolore
897 2969 933 3024 eb
991 2968 1048 3019 uei
1061 2963 1097 3018 de
1108 2962 1225 3034 justitia
1240 2966 1269 3018 ei
1283 2963 1318 3020 de
1330 2965 1454 3035 judicio.
1472 2987 1486 3016 u
1499 2966 1686 3026 Manifestum
1700 2977 1745 3027 esi
1759 2987 1813 3030 Su·

121 3072 150 3111 eo
163 3056 287 3130 seperari
303 3072 360 3112 non
376 3058 519 3128 poterent.
543 3055 625 3112 Unde
640 3073 706 3112 cum
722 3073 805 3114 suam
822 3057 933 3131 passio·
986 3057 1045 3108 tem
1062 3050 1139 3124 quod
1156 3051 1299 3108 Dominus
1311 3053 1397 3108 lesus
1411 3053 1546 3112 Christus
1558 3072 1609 3128 per
1621 3059 1812 3133 semetipsum

121 3161 180 3200 nem
194 3144 259 3200 alibi
272 3144 612 3218 prediceret,probibore
625 3143 727 3201 volens
742 3161 808 3202 eum
819 3146 932 3214 Petrus,
989 3140 1144 3206 mundum,
1160 3139 1188 3194 id
1203 3143 1248 3195 θεῖ
1262 3144 1407 3198 &maiores
1423 3143 1535 3210 mundi,
1548 3144 1583 3200 de
1597 3151 1724 3218 peccalo,
1734 3153 1764 3206 et
1777 3151 1814 3208 de

119 3233 220 3289 aiebat:
233 3257 247 3284 n
260 3231 405 3305 Propitius
415 3238 478 3290 esto
487 3232 551 3301 tibi,
561 3233 762 3306 Dominelnon
775 3233 911 3290 ssatistud
925 3253 932 3302 ;
948 3219 970 3284 C
986 3227 1311 3300 justitie,etdaJudici0
1323 3229 1480 3303 redarguit.
1489 3232 1527 3287 De
1537 3239 1655 3304 peccato
1666 3236 1815 3310 redarguit

120 3322 255 3378 nonenim
267 3321 349 3378 decet
359 3326 391 3376 ut
404 3321 494 3378 Pilius
510 3321 559 3378 Dei
571 3326 668 3394 gustet
685 3327 808 3396 mertem
830 3323 932 3397 (itcrat.
988 3333 1049 3388 eos,
1066 3316 1136 3389 qula
1150 3316 1179 3371 in
1194 3333 1262 3373 eum
1274 3318 1392 3374 credere
1402 3318 1567 3389 noluerunt,
1577 3322 1613 3378 de
1623 3323 1732 3396 quibus
1744 3325 1814 3384 alibi

120 3416 181 3480 m),
195 3433 207 3458 n
217 3411 328 3466 Etcum
343 3410 373 3465 in
394 3409 500 3467 ultime
515 3426 597 3466 eoena
615 3411 790 3468 recumbens
807 3412 933 3468 diceret:
990 3406 1049 3463 ait:
1067 3427 1081 3457 a
1098 3405 1128 3462 Si
1144 3423 1202 3462 non
1216 3407 1361 3464 venissem
1376 3407 1532 3465 oblocutus
1547 3410 1668 3470 fuissem
1685 3413 1738 3482 eis,
1748 3429 1814 3488 poa·

123 3499 221 3556 ·Unus
230 3503 359 3556 vestrum
371 3515 417 3556 me
427 3500 589 3556 traditurus
603 3507 656 3566 est,
667 3499 829 3558 contristati
840 3499 934 3570 valde,
989 3499 1089 3551 catum
1105 3512 1162 3551 nou
1178 3494 1328 3552 haberent.
1337 3496 1420 3552 Nouo
1434 3501 1532 3554 aulem
1548 3502 1765 3559 excusationem
1778 3505 1815 3562 de

121 3588 366 3662 ceperuntdicere
381 3587 490 3662 singuli
503 3604 509 3643 :
521 3589 659 3660 Nunquid
670 3604 722 3662 ego
733 3587 936 3658 sum,Domine
989 3587 1108 3657 peceato
1123 3601 1176 3641 suo
1192 3601 1249 3640 non
1264 3585 1383 3652 babent,
1399 3587 1469 3658 quia
1482 3587 1619 3646 viderunt
1634 3605 1691 3660 me,
1704 3596 1734 3648 et
1748 3593 1815 3651 odio

124 3677 215 3746 [deut.
225 3678 311 3750 xxvi).
323 3697 337 3728 n
354 3678 410 3734 Sed
426 3677 617 3734 eorumbene
632 3678 781 3734 tristitiam
796 3677 863 3752 pius
878 3679 936 3736 Ma·
989 3671 1156 3730 habuerunt
1170 3689 1217 3730 me
1232 3674 1324 3747 gratis
1339 3675 1427 3747 (loon.
1439 3679 1495 3744 xv).
1509 3697 1523 3726 n
1534 3677 1573 3733 De
1581 3679 1702 3751 justitia
1716 3681 1814 3738 redar-

123 3768 203 3840 gister
216 3767 342 3840 benigna
357 3765 555 3824 consolatione
570 3767 661 3823 lenire
686 3768 807 3834 curarit,
824 3767 933 3824 dicens.
990 3762 1815 3841 guiteoequiejastitianretsimplicitatemapostolorum

154 3879 167 3906 a
183 3857 239 3930 Ego
252 3855 403 3912 veritatem
421 3855 486 3912 dico
499 3855 593 3924 vobis,
610 3855 727 3928 expedit
739 3855 821 3912 vobis
836 3861 868 3912 ut
883 3873 936 3931 ego
990 3850 1099 3906 imitari
1110 3846 1327 3908 nolueruntdd
1339 3869 1463 3925 quorum
1475 3858 1726 3928 comparationem
1737 3863 1815 3917 recte

124 3967 134 3990 «ι
148 3943 256 4000 vadam.
267 3965 281 3994 c
293 3945 333 3999 Ac
343 3943 367 4000 si
379 3943 504 4000 diceret:
518 3944 575 4020 ligo
591 3942 640 4016 qni
657 3944 855 4009 verbascum,
866 3944 937 4000 veri·
987 3938 1140 4011 judicandi
1155 3943 1235 4007 eunt,
1245 3941 1352 4013 quibus
1368 3942 1429 4015 ipse
1445 3943 1504 4000 ait:
1519 3944 1576 4002 «Si
1590 3961 1644 4020 ego
1659 3947 1689 4002 iu
1705 3947 1817 4006 Deelae-

124 4034 203 4090 tatem
216 4031 298 4089 vobis
314 4031 390 4088 dieo.
406 4031 529 4088 Necesse
553 4035 643 4090 estut
659 4031 719 4088 hieu
733 4032 827 4089 forma
850 4033 934 4102 servi,
991 4027 1050 4084 bub
1065 4027 1148 4099 ejicio
1163 4028 1317 4102 daemonitt,
1327 4030 1379 4086 filii
1390 4031 1515 4088 vestalia
1528 4050 1586 4106 quo
1596 4035 1738 4107 ejiciunt?
1749 4038 1816 4094 Ideo

123 4135 201 4192 quarn
216 4122 244 4177 in
261 4137 308 4178 me
323 4120 547 4193 cernitis,quam
563 4121 677 4178 sincero
692 4136 790 4178 amore
802 4119 935 4194 diligitis,
991 4117 1046 4189 ipsi
1057 4115 1172 4188 Judices
1188 4119 1276 4175 vestri
1288 4126 1374 4175 eruut
1389 4119 1464 4192 (Lm.
1480 4124 1530 4190 ru).
1550 4144 1563 4172 »
1579 4121 1619 4180 De
1639 4125 1753 4195 judicio
1768 4142 1815 4182 re.
1867 4155 1875 4162 -

121 4209 243 4266 arestris
257 4207 463 4282 conspectibus
476 4206 688 4281 temporalibus
699 4209 937 4278 subtralrotur,ut
991 4205 1108 4278 dorguit
1123 4221 1183 4275 cos,
1199 4205 1308 4278 quibus
1323 4223 1391 4264 cum
1407 4207 1556 4264 diabolum
1573 4211 1635 4282 jam
1648 4211 1815 4282 judicatum

36 4363 40 4370 ,
122 4297 234 4356 lormam
244 4297 408 4356 divinitatis
419 4298 447 4353 in
461 4314 507 4354 me
520 4298 676 4370 perfectius
687 4298 793 4356 intueri
804 4297 936 4371 ualeatis,
991 4293 1282 4362 ostendisset‚dioens
1292 4312 1298 4351 :
1309 4317 1323 4346 a
1333 4295 1473 4352 Videbam
1482 4297 1621 4354 Seianum
1632 4299 1709 4357 sicul
1717 4301 1817 4376 fulgur

123 4386 189 4443 sicut
202 4388 263 4462 ipso
279 4385 349 4444 alibi
365 4387 436 4443 dicit
449 4403 456 4442 :
469 4410 482 4437 n
495 4387 525 4444 Si
537 4385 696 4461 diligeretis
708 4403 764 4456 me,
774 4387 843 4462 quia
853 4389 938 4446 Pater
991 4384 1026 4440 de
1036 4383 1263 4442 coelocadeotem
1272 4387 1392 4454 (Luem),
1403 4385 1817 4460 »magissubejusdurisaima

125 4477 208 4548 major
221 4493 267 4534 me
282 4480 327 4533 est
351 4477 439 4549 (toan.
457 4479 523 4544 nv).
540 4500 554 4527 t)
571 4476 651 4533 Unde
675 4481 751 4534 recte
775 4479 934 4535 subditur:
991 4474 1131 4531 servitute
1140 4473 1816 4547 manerevoluerunt‚quamadliberatorislove

128 4565 176 4619 aSi
191 4571 285 4622 autem
311 4582 369 4621 non
394 4565 503 4632 abiem,
519 4564 687 4622 Paracletus
711 4583 767 4623 uon
791 4565 885 4624 veniet
899 4568 934 4623 ad
953 4564 1095 4654 Djugum
1106 4562 1241 4619 transire.
1255 4563 1310 4620 Sed
1321 4565 1398 4636 qnod
1410 4565 1553 4622 Dominus
1564 4567 1816 4642 persemetipsum

127 4673 139 4700 a
152 4670 196 4711 ros
208 4673 215 4710 :
226 4656 251 4710 si
266 4657 364 4711 autern
381 4653 489 4724 abiero,
506 4654 621 4711 mittam
634 4655 748 4712 eumad
762 4671 822 4712 voe.
837 4678 851 4702 c
861 4655 939 4712 Nun·
993 4654 1023 4708 in
1034 4651 1363 4726 cmegcnteludaeorum
1375 4653 1516 4720 fecithoc
1528 4655 1668 4728 Spiritum
1681 4661 1816 4714 sanctum

30 4791 31 4794 ,
125 4742 184 4812 quid
199 4748 310 4816 poterat
325 4743 394 4798 dare
408 4743 550 4815 Spiritum
566 4747 702 4800 sanctum
718 4744 748 4800 in
763 4745 937 4811 essetecum
993 4741 1818 4818 promittitlncturuminuniversasgentespcrpredica·
1876 4751 1879 4756 '

127 4831 267 4889 manifeste
288 4832 404 4904 legatur
427 4835 494 4904 post
517 4833 771 4902 resurrectionem,
799 4834 937 4906 quoniam
993 4831 1101 4887 tionem
1119 4828 1328 4903 apostolorum.
1346 4831 1503 4904 lledarguil
1517 4835 1595 4888 enim
1611 4833 1739 4906 Spiritus
1751 4849 1818 4891 san-

127 4915 273 4976 insulllavit
286 4924 316 4976 et
340 4919 413 4976 diali
430 4936 436 4975 :
454 4920 610 4992 «Accipite
634 4921 776 4994 Spiritum
803 4928 937 4979 sanctum
993 4926 1058 4976 ctus
1073 4918 1267 4986 marcoardi
1278 4925 1324 4976 esi
1334 4919 1436 4975 mundi
1447 4925 1601 4994 amatores,
1609 4937 1661 4993 pel
1670 4921 1817 4996 apostolos

130 5006 204 5078 (loon.
219 5011 275 5083 xx).
293 5033 308 5060 »
324 5008 440 5065 Poterat
454 5009 565 5083 ulique.
582 5009 637 5066 Sed
660 5011 790 5083 quandiu
814 5011 937 5084 apostoli
993 5011 1029 5065 de
1044 5012 1171 5082 peceato,
1189 5010 1305 5082 quando
1321 5007 1552 5065 incredulitatem
1568 5009 1732 5068 infidelium
1747 5027 1817 5070 oon-

129 5093 207 5154 Deum
221 5097 371 5154 bominem
394 5113 493 5154 secum
513 5102 750 5166 conversantem,
766 5115 938 5158 convescen·
994 5099 1152 5166 demeavit,
1169 5097 1244 5154 sicut
1258 5113 1310 5170 per
1323 5096 1469 5171 apostolos
1484 5099 1611 5171 Spiritus
1623 5105 1745 5158 sanctus
1759 5117 1817 5160 non

128 5187 186 5254 lem,
201 5186 413 5260 colloquentem
437 5187 592 5254 habebant,
608 5189 673 5259 ejus
692 5189 846 5260 prasentia
861 5188 939 5246 dele·
994 5188 1180 5244 credentibus
1193 5187 1283 5244 dicit:
1303 5209 1317 5238 α
1331 5187 1421 5244 Vobis
1436 5189 1555 5260 quidem
1577 5194 1744 5264 oportuerat
1758 5193 1820 5266 pri-

128 5276 301 5344 cteti‚minus
315 5276 351 5332 ad
368 5275 517 5334 sciendam
529 5275 710 5332 divinitatem
722 5277 939 5336 oculosmeutis
994 5293 1077 5333 mum
1093 5276 1173 5348 loqui
1187 5277 1316 5334 Verbum
1332 5278 1451 5346 Dei,sed
1464 5279 1534 5352 quia
1545 5279 1685 5354 repellitis
1699 5280 1819 5348 illudet
1871 5309 1874 5318 ·

128 5361 272 5437 erigebant.
291 5364 450 5436 Postquam
466 5369 565 5421 autem
581 5364 767 5422 Dominicum
783 5383 888 5440 corpus
902 5367 939 5422 ad
994 5366 1336 5440 indiguosvosjudicatis
1344 5371 1458 5425 aterna
1468 5369 1615 5437 vite,ecce
1623 5370 1819 5440 convertimur

129 5450 209 5509 Patris
231 5455 381 5510 dexteram
407 5451 579 5512 collocatum
601 5459 754 5524 noverunt,
775 5454 824 5511 illo
846 5458 938 5512 totum
995 5458 1030 5513 ad
1047 5460 1148 5530 gentes
1163 5457 1230 5526 (Act.
1246 5461 1317 5526 xnr).
1333 5479 1346 5508 r
1363 5456 1572 5531 litpulebrein
1587 5459 1747 5531 primordio
1762 5463 1818 5516 Do-

128 5555 202 5598 suum
216 5541 397 5600 desiderium
412 5543 707 5618 transtuleruntque
722 5546 810 5618 caput
820 5561 940 5619 praees·
996 5547 1094 5603 minus
1108 5551 1259 5620 peecatum
1275 5546 1501 5616 incredulitatis,
1527 5545 1752 5621 quasispeciale
1765 5563 1818 5620 po-

128 5629 190 5693 titae
203 5634 503 5712 cognoveruot‚juata
517 5631 590 5694 illud
607 5633 685 5714 quod
700 5632 769 5696 slibi
785 5651 802 5698 a
816 5634 939 5700 Domino
996 5639 1055 5696 suit
1071 5654 1077 5694 :
1094 5635 1164 5714 quia
1178 5635 1255 5702 siout
1270 5635 1342 5696 tldes
1358 5636 1438 5714 origo
1457 5639 1502 5694 est
1516 5635 1649 5696 omnium
1663 5633 1815 5708 neuton,
