4018 6178
127 395 167 458 le
408 389 612 456 Hannonis
635 390 908 454 H.·thEllS'l*lil'.
931 386 1053 450 EPlSG.
1078 389 1163 450 OPP.
1188 389 1287 451 rans
1310 387 1348 450 il.
1361 421 1400 433 —-
1415 387 1551 450 HOMlL.
1794 339 1854 445 eo

125 529 273 599 tenebras,
292 530 321 586 et
333 527 405 586 luna
427 528 458 584 iu
471 529 657 602 sanguinem,
673 531 830 599 antequam
853 524 948 581 veniat
963 523 991 590 Α
1007 527 1169 579 moventur.
1186 523 1258 580 Hinc
1268 540 1320 596 per
1329 523 1471 580 loannem
1483 521 1512 578 iu
1523 519 1695 595 Apocalypsi
1707 518 1832 576 dieitur:

126 619 190 686 dies
204 618 320 675 Domini
336 634 462 691 magnus
477 623 506 674 et
516 617 690 674 manifestus
704 617 782 690 (loct.
798 615 839 688 ιι).
858 637 872 666 ιι
883 613 954 670 Stel·
1010 635 1024 665 ιι
1041 613 1074 668 Et
1088 629 1167 668 mare
1178 614 1241 685 Jam
1258 629 1316 668 neu
1333 617 1386 669 est.
1405 634 1418 662 ιι

126 708 335 765 larnm'nutem
353 707 471 764 nomine
496 707 526 763 in
543 707 598 764 hoc
619 706 681 764 loco
697 706 853 779 hypocritae
878 703 952 760 desi·
1045 701 1457 758 «Arescentibnsbomiuibus.
1467 724 1481 751 ιι
1493 699 1837 775 Spiritnnlileriuultima

126 801 266 870 guantur,
277 796 328 870 qui
339 797 409 853 dum
421 795 632 869 protessiouem
649 794 717 852 ndei
731 795 849 862 habent,
865 793 894 849 in
905 794 955 848 Ec·
1008 791 1196 848 tribulatione
1212 791 1346 848 homiues
1364 808 1504 858 arescere,
1521 795 1565 846 est
1581 791 1719 862 reprobos
1736 806 1752 844 a
1768 790 1836 862 piu-

127 885 216 942 elesia
232 884 317 958 quasi
330 877 419 941 stelle
434 888 463 940 et
478 888 557 940 aetra
573 883 695 958 t'ulgent.
711 883 766 938 Sed
782 881 887 938 ultima
901 882 953 936 tri·
1008 881 1134 954 guedinc
1146 880 1247 936 fidoiet
1257 879 1408 936 alteritatis
1419 879 1552 936 deficere.
1562 877 1644 934 lllnlti
1654 877 1732 934 euim
1744 878 1774 934 in
1786 877 1837 933 illa

127 975 277 1037 bulatioue
292 973 475 1042 imminente,
502 973 590 1030 stelle
606 973 711 1028 cadent
723 973 758 1028 dc
780 969 862 1037 coelo,
885 971 955 1044 quia
1009 967 1196 1026 tribulatione
1214 987 1231 1025 a
1246 969 1302 1025 fido
1318 973 1459 1036 arescent,
1476 967 1526 1040 qui
1542 967 1745 1040 prosperitatis
1760 971 1836 1023 tem-

127 1063 248 1138 plurimi
259 1068 330 1119 tnnc
341 1063 378 1118 ab
390 1049 522 1119 Ecclesia
533 1061 713 1118 recedcutde
724 1077 882 1132 corporea
897 1077 956 1132 qua
1009 1075 1078 1132 pore
1094 1058 1194 1115 fideles
1209 1060 1399 1131 putabantur,
1416 1057 1491 1113 sicot
1506 1056 1649 1112 Dominus
1663 1057 1699 1112 de
1714 1057 1837 1128 jactatis

128 1152 212 1226 prius
227 1157 408 1209 recesserant
422 1156 529 1207 mente.
553 1149 703 1207 Permittet
718 1149 796 1206 enim
812 1147 955 1204 Dominus
1010 1147 1173 1204 seminibus
1188 1165 1278 1220 supra
1287 1151 1400 1220 petram
1411 1146 1465 1202 nit:
1478 1169 1492 1196 a
1509 1145 1583 1210 Quia
1599 1149 1661 1201 orto
1677 1144 1738 1201 sole
1752 1163 1835 1202 arue-

128 1241 340 1298 Antichristum
352 1241 450 1297 saevire
460 1240 491 1295 iu
503 1239 624 1308 sanctis,
637 1245 664 1296 ol
676 1255 761 1295 suam
773 1237 913 1293 sevitiam
924 1237 954 1292 in
1009 1240 1087 1292 runt.
1101 1259 1114 1288 ιι
1142 1237 1220 1292 Hanc
1236 1236 1402 1292 ariditatem
1424 1235 1509 1290 lature
1524 1232 1650 1308 virgines
1677 1232 1835 1306 patientur,

129 1331 172 1388 eis
186 1330 313 1404 grassari
324 1327 521 1402 pertinaciter,
538 1333 571 1384 ut
586 1327 836 1402 patientiaeorum
852 1326 954 1399 probe·
1010 1325 1127 1399 quando
1152 1325 1345 1398 prudentibus
1370 1325 1486 1380 dicent:
1504 1347 1518 1374 a
1536 1323 1607 1380 Date
1622 1322 1706 1378 uobis
1721 1323 1758 1378 de
1773 1322 1837 1379 oleo

128 1423 186 1476 tur.
203 1419 239 1474 Ut
252 1416 408 1492 Apostolus
422 1417 492 1474 dicit
513 1419 558 1490 (ll.
578 1419 665 1473 Thess.
683 1420 729 1485 nl:
754 1439 767 1466 a
785 1415 838 1483 Qui
854 1415 954 1470 advor-
1009 1419 1114 1482 restro,
1126 1414 1358 1487 quialampades
1369 1417 1473 1469 nostrae
1484 1411 1712 1486 exstinguuntur
1726 1412 1836 1484 (illailla.

129 1513 212 1566 satur
222 1506 595 1580 etextollitursupraomne
604 1507 681 1578 quod
691 1504 798 1560 dicitur
808 1505 892 1574 Deus,
904 1507 956 1559 aut
1009 1504 1084 1577 xxv).
1095 1527 1108 1554 ιι
1125 1505 1211 1560 llecte
1226 1507 1323 1559 nutem
1340 1503 1465 1558 dicitur:
1483 1525 1496 1552 «
1509 1503 1566 1558 Pus
1577 1501 1682 1557 timore
1693 1504 1722 1557 et
1732 1517 1837 1576 exspe-

129 1596 206 1669 quod
221 1595 335 1652 colitur.
353 1619 367 1647 ιι
396 1595 478 1650 llude
501 1593 530 1648 in
552 1591 725 1665 Apocalypsi
748 1591 873 1647 dicitur:
891 1591 956 1646 «Et
1011 1589 1836 1665 actatioue,quaasupervenientuuiversoorbi.olllaeuiru

104 1722 115 1744 .
128 1685 210 1742 misit
226 1686 313 1740 draco
327 1683 451 1740 caudam
468 1697 565 1749 suam,
577 1687 605 1738 el
614 1682 702 1738 traxit
711 1680 827 1737 tertiam
843 1685 955 1754 partem
1010 1681 1158 1738 tribulatio
1168 1685 1316 1752 utcunque
1328 1678 1488 1736 tolerabilis
1504 1685 1559 1746 est,
1570 1681 1637 1752 poet
1651 1679 1737 1750 cujus
1749 1679 1835 1735 linem

129 1773 282 1832 stellarum
300 1771 363 1828 coeli
380 1773 471 1844 (Apro.
487 1774 548 1841 xri).
568 1793 581 1820 ιι
597 1769 670 1826 lliuc
685 1769 797 1836 Daniel,
813 1785 880 1826 cum
897 1777 956 1824 Au·
1011 1770 1151 1844 gaudium
1162 1772 1311 1842 speratur:
1325 1768 1374 1824 illa
1385 1768 1468 1834 dura,
1480 1784 1583 1839 aspera
1594 1771 1622 1822 et
1631 1766 1836 1837 intolerabilis,

127 1861 255 1919 tichristi
272 1865 402 1932 tempora
417 1843 730 1933 praediceret,aitiutcr
742 1863 860 1914 caetera:
875 1881 888 1907 a
904 1859 957 1914 Ro·
1012 1878 1074 1932 qnae
1090 1875 1157 1915 cuna
1181 1856 1404 1931 presentialiter
1428 1857 1547 1924 cruciat,
1565 1856 1592 1911 iu
1611 1856 1710 1912 tuturo
1726 1858 1837 1929 majora

129 1950 295 2007 burdatum
304 1953 348 2004 est
358 1949 383 2004 ei
395 1952 496 2004 contra
501 1949 572 2022 juge
581 1946 757 2004 sacrificium
768 1951 954 2020 propeccato,
1010 1948 1216 2006 comminatur.
1225 1944 1472 2018 Utrumqueonim
1482 1943 1612 2018 reprobis
1621 1944 1650 2000 in
1659 1943 1709 2000 illa
1719 1943 1838 2002 tribula-

130 2042 160 2096 et
174 2040 376 2110 prosternetur
389 2037 496 2093 veritas
511 2038 541 2092 iu
554 2043 641 2104 terra
652 2041 680 2092 et
699 2036 786 2092 lactet
798 2041 827 2092 et
837 2051 956 2108 prospe·
1010 2040 1088 2094 tione
1101 2037 1259 2109 continget,
1272 2035 1341 2107 quia
1352 2037 1379 2090 et
1390 2033 1612 2106 presentialiter
1622 2034 1838 2091 malasustiue·

130 2116 246 2184 rabitur
259 2130 343 2196 (Dora.
358 2127 430 2199 vrri).
447 2150 462 2177 ιι
477 2127 511 2182 Et
526 2127 652 2182 iterum:
678 2150 691 2177 a
703 2127 737 2181 Et
753 2142 846 2198 usque
861 2125 897 2182 ad
915 2123 956 2180 al·
1011 2129 1095 2197 bunt,
1110 2131 1138 2181 et
1150 2123 1178 2180 in
1189 2125 1286 2180 laturo
1298 2124 1409 2194 nemora
1419 2121 1637 2194 exspectabunt,
1651 2123 1757 2194 quinet
1767 2123 1839 2180 soris

130 2213 287 2271 titudinem
302 2213 366 2271 cauli
382 2214 510 2270 elevatus
524 2219 579 2283 est,
590 2217 618 2270 et
633 2213 737 2285 dejecit
748 2213 776 2269 iu
789 2212 957 2269 tortitudine
1011 2233 1122 2290 paenas,
1136 2219 1164 2270 ct
1179 2213 1259 2269 intus
1270 2213 1405 2268 timorem
1421 2212 1581 2279 habebunt,
1594 2227 1647 2267 nec
1657 2212 1692 2267 de
1702 2209 1839 2285 prasenti

132 2306 161 2358 et
170 2300 315 2368 destcllis,
326 2305 355 2358 et
365 2301 546 2358 conculcavit
554 2319 613 2358 eas.
622 2324 635 2353 ιι
647 2325 702 2352 -a
711 2301 780 2357 Etin
788 2301 958 2374 terrispres-
1013 2322 1106 2378 neque
1115 2305 1149 2360 de
1158 2304 1255 2358 loturo
1266 2302 1450 2358 securitatem
1462 2299 1566 2356 anime
1575 2299 1682 2357 hahere
1689 2305 1837 2373 poterunt.

133 2413 147 2443 «
158 2407 228 2446 sura
237 2389 379 2463 gentium.
391 2412 406 2440 ιι
419 2391 481 2447 Non
493 2391 685 2448 sufficienlad
694 2389 851 2446 vindictam
864 2407 959 2463 repro·
1013 2395 1047 2450 Et
1061 2394 1126 2450 idco
1142 2395 1217 2448 recle
1233 2391 1342 2447 dicitur
1353 2390 1442 2446 :aPrae
1462 2382 1571 2446 timore
1582 2393 1611 2445 et
1625 2389 1840 2462 exspectatione

131 2481 237 2536 borum
252 2479 407 2536 hominum
418 2478 502 2553 signa
512 2479 548 2535 de
562 2479 644 2544 coelo,
661 2480 712 2536 scd
727 2479 813 2536 etiam
826 2479 854 2534 in
871 2479 959 2534 terris
1013 2501 1076 2557 que
1093 2479 1298 2554 supcrvenieut
1313 2479 1447 2535 universo
1463 2479 1536 2534 orbi.
1550 2499 1564 2528 ιι

131 2585 276 2642 pressure
297 2569 430 2641 gentium
458 2573 553 2625 erunt.
584 2569 721 2640 Ejusdem
749 2571 830 2624 terra
855 2567 959 2624 incolis
1049 2595 1063 2622 a
1081 2571 1154 2626 Nam
1170 2567 1441 2624 virtutescoalornm
1458 2567 1838 2640 movebuutnmettuucvi·

132 2656 256 2716 invicem
268 2674 299 2713 se
311 2658 523 2730 prementibus,
535 2661 564 2714 et
575 2657 719 2714 invidiosa
730 2657 914 2713 contentione
929 2657 958 2712 in
1015 2684 1029 2712 ιι
1045 2661 1156 2717 debunt
1171 2657 1275 2714 Filium
1295 2655 1423 2726 hominis
1441 2656 1605 2712 venientem
1622 2655 1650 2711 in
1667 2656 1755 2725 nube,
1772 2675 1838 2714 cum

133 2763 165 2804 se
180 2747 438 2819 consurgentibus,
456 2747 534 2802 sicut
547 2745 690 2802 Dominus
701 2746 755 2801 ait:
768 2769 782 2796 a
799 2746 960 2820 Consurgct
1015 2772 1029 2802 a
1045 2752 1188 2822 potestate
1212 2763 1319 2820 magua
1334 2751 1362 2801 et
1383 2746 1545 2817 majestate.
1562 2766 1576 2794 ιι
1592 2745 1714 2809 Quidam
1739 2745 1769 2801 in
1785 2746 1840 2802 hoc

133 2834 255 2907 poterin
267 2833 541 2904 tilium,ets11iusiu
553 2839 675 2908 patrem,
687 2837 716 2891 et
725 2833 784 2890 lilia
795 2834 823 2888 iu
836 2839 959 2892 matrem
1014 2840 1088 2905 loco,
1100 2837 1222 2892 virtutes
1233 2835 1382 2900 coelorum,
1400 2833 1557 2907 magistros
1567 2837 1596 2888 et
1611 2837 1737 2890 rectores
1747 2834 1841 2891 Eccle-

134 2940 231 2990 snam,
248 2927 277 2979 et
291 2939 385 2980 nurus
401 2924 540 2980 adversus
560 2939 677 2980 socrum
694 2939 789 2991 sunm,
806 2927 835 2980 ct
848 2923 962 2983 inimici
1015 2927 1065 2984 sie
1080 2924 1241 2999 intelligere
1255 2923 1367 2979 volunt.
1384 2921 1414 2979 Si
1423 2923 1515 2989 enim,
1530 2921 1623 2990 munt,
1639 2921 1768 2980 Ecclesia
1783 2923 1841 2996 spi-

135 3010 265 3068 hominis
275 3011 428 3068 domestici
438 3013 502 3085 cJus
514 3013 580 3084 (Lae
593 3015 653 3082 ιιι).
672 3034 686 3062 ιι
701 3012 783 3068 Unde
793 3011 882 3068 Isaiae
898 3013 959 3073 ait:
1015 3013 1160 3072 ritualiter
1184 3011 1289 3070 cmlum
1304 3016 1359 3078 est,
1377 3016 1408 3067 ut
1422 3015 1467 3068 est
1491 3009 1583 3067 illud:
1610 3035 1623 3062 a
1639 3010 1751 3067 Goelum
1767 3011 1838 3068 mibi

129 3122 144 3151 a
158 3100 252 3156 irruet
275 3100 320 3156 vir
345 3099 375 3156 in
393 3101 499 3168 virum,
525 3100 730 3173 uuusquisque
749 3100 779 3155 in
795 3100 960 3174 proximum
1015 3104 1099 3162 sedes
1114 3106 1158 3160 cst
1179 3105 1243 3172 (lon.
1261 3101 1354 3173 nxvr);
1371 3123 1381 3150 ι
1399 3102 1448 3156 et:
1463 3122 1474 3149 ι
1490 3099 1681 3170 Auimajusti
1697 3101 1780 3157 sedes
1795 3105 1839 3156 cst

127 3203 227 3250 sulm.
243 3189 486 3248 Tumultuabitur
496 3205 569 3262 puer
583 3194 685 3246 eontra
696 3205 807 3258 senem,
820 3190 958 3261 ignobilis
1014 3192 1166 3265 sapientie
1177 3191 1252 3262 (Sap.
1269 3191 1328 3260 vn),
1347 3210 1360 3238 ιι
1377 3205 1435 3244 non
1451 3187 1610 3262 incongrue
1620 3188 1741 3244 virtutes
1751 3189 1840 3245 coelo-

128 3283 230 3334 contra
244 3278 372 3336 nobilem
389 3281 452 3352 (Iso.
471 3280 518 3351 ιιι).
538 3301 552 3329 ιι
569 3275 737 3334 EtPuulus:
755 3301 768 3327 a
785 3283 817 3331 ln
835 3277 957 3334 novissi·
973 3257 994 3324 C
1012 3297 1078 3336 rum
1094 3285 1219 3335 rectores
1240 3277 1372 3333 Ecclesia
1388 3275 1603 3350 intelliguntur,
1619 3276 1747 3350 episcopi
1761 3277 1839 3333 scili-

129 3367 303 3422 misdiebus
322 3367 476 3423 instabunt
489 3372 622 3438 tempora
633 3365 805 3438 periculosa,
829 3369 857 3420 el
872 3370 958 3421 erunt
1013 3372 1058 3426 cet
1082 3373 1110 3423 el
1131 3367 1307 3424 sacerdotes.
1331 3366 1365 3420 Et
1379 3366 1415 3422 de
1430 3365 1477 3421 his
1499 3364 1624 3438 intelligi
1644 3365 1746 3421 volunt
1760 3367 1839 3438 quod

129 3453 264 3510 homiues
276 3455 389 3526 seipsos
400 3456 543 3520 amantes,
560 3457 588 3508 ct
603 3471 620 3508 a
634 3453 753 3509 veritate
769 3453 888 3525 quidem
904 3471 956 3510 au·
1013 3458 1232 3529 scriptumest:
1250 3452 1350 3526 Angeli
1364 3453 1455 3510 territi
1465 3454 1672 3526 purgabuntur
1689 3455 1753 3526 (Iso.
1770 3455 1838 3527 xm),

129 3540 225 3597 ditum
241 3546 380 3608 avertent,
397 3543 432 3598 ad
455 3540 570 3598 tabulas
589 3546 687 3597 antem
709 3543 961 3612 convertenturffl
1012 3545 1181 3619 angelorum
1194 3543 1310 3601 nomine
1324 3559 1413 3617 snper
1426 3542 1839 3616 sacerdotesinterpretantes,

131 3630 198 3686 Tim.
210 3632 263 3698 ιιι);
282 3651 296 3678 ιι
322 3629 403 3686 Unde
426 3629 581 3685 Mattheus
605 3630 737 3700 ejusdem
758 3629 957 3687 tribulationie
1008 3635 1094 3707 Juxta
1108 3633 1179 3689 illud
1196 3631 1358 3688 Malachiae:
1373 3653 1386 3680 a
1400 3630 1489 3688 Labie
1500 3631 1659 3687 sacerdotis
1670 3631 1841 3688 custodiunt

131 3717 366 3791 magnitudinem
381 3718 548 3792 expressius
559 3717 738 3786 describens,
756 3718 796 3774 ait
808 3735 815 3774 :
828 3743 840 3768 o
854 3721 888 3775 Et
904 3719 958 3777 erit
1012 3722 1175 3790 seientiam,
1192 3728 1221 3777 et
1234 3720 1327 3793 legem
1341 3719 1537 3792 requirentes
1549 3735 1598 3775 ore
1614 3720 1687 3791 ejus,
1705 3719 1776 3792 quin
1788 3737 1839 3774 an-

130 3811 202 3862 tunc
216 3804 284 3862 talis
294 3805 446 3863 tribulatio
459 3805 555 3880 qualis
571 3823 628 3861 uon
647 3806 699 3862 luit
718 3808 754 3862 ab
770 3807 851 3864 initio
865 3825 958 3882 usque
1012 3810 1095 3884 gelus
1110 3808 1225 3865 Domini
1240 3808 1421 3864 exercituum
1437 3812 1482 3864 cst
1495 3808 1618 3878 (Euloclr.
1633 3810 1675 3876 n).
1683 3829 1697 3857 ιι
1709 3811 1841 3864 Commo·

132 3911 220 3963 nunc,
238 3909 332 3968 neque
348 3895 405 3952 fiet.
417 3917 431 3944 ιι
447 3895 505 3960 Nec
524 3894 619 3951 solum
638 3894 744 3951 coelum
758 3901 787 3952 et
801 3900 888 3966 terra,
906 3899 957 3954 sed
1010 3898 1071 3955 veri
1090 3904 1188 3954 autem
1206 3897 1326 3952 virtutes
1340 3895 1479 3952 coelorum
1495 3895 1642 3963 dicuutur,
1660 3895 1730 3970 quia
1744 3895 1773 3950 iu
1790 3895 1839 3953 illo

132 3982 220 4038 etiam
231 3999 312 4038 mare
322 3987 351 4039 ct
365 3983 487 4039 tlumiua
497 3985 532 4040 ad
550 3982 691 4040 ultionem
701 3985 892 4058 reproborum
908 3986 957 4043 ho·
1012 3987 1144 4044 districto
1154 3985 1267 4059 judicio
1282 3985 1370 4042 eliam
1388 3983 1526 4056 presules
1542 3983 1733 4040 ecclesiarum
1749 3985 1839 4040 ratio·

132 4070 246 4127 minum
263 4075 449 4144 consurgent.
463 4071 544 4128 Unde
558 4077 587 4127 et
598 4072 747 4128 subditur:
760 4097 774 4122 a
784 4074 844 4129 Pre
859 4076 958 4131 consu·
1012 4093 1078 4133 nom
1088 4075 1236 4132 exsolvent
1245 4090 1302 4129 nou
1312 4073 1407 4128 solum
1416 4091 1467 4145 pro
1478 4073 1540 4130 suis
1552 4072 1676 4141 actibus,
1688 4073 1739 4130 sed
1749 4073 1837 4130 etiam

131 4159 213 4216 sione
224 4159 339 4217 sonitus
350 4159 441 4216 maris
451 4164 479 4216 et
490 4160 643 4216 flnctuum.
657 4185 668 4214 ι
683 4161 832 4230 Confusio,
843 4161 957 4220 sonitus
1011 4182 1063 4238 pro
1079 4162 1246 4220 commissis
1262 4161 1317 4218 sibi
1333 4163 1500 4229 animabus,
1523 4161 1600 4218 sicut
1622 4161 1765 4217 Dominus
1780 4161 1836 4217 nit:

131 4248 259 4306 marisci
269 4249 412 4305 {luctuum
426 4249 556 4305 nondum
568 4266 642 4306 nova
651 4254 750 4306 exorta
760 4255 814 4318 est,
824 4251 875 4308 sed
888 4268 955 4308 cum
1011 4252 1127 4310 Homini
1136 4252 1182 4307 oui
1194 4250 1319 4306 multum
1330 4247 1521 4306 commissum
1532 4254 1587 4317 est,
1597 4248 1723 4306 multum
1736 4249 1840 4323 quaeri·

130 4337 259 4395 maxima
282 4355 316 4394 cx
338 4341 421 4410 parte
450 4355 514 4411 quae
543 4337 682 4411 predicta
708 4343 787 4409 suut,
813 4339 958 4413 completa
1012 4342 1106 4399 turab
1119 4357 1162 4397 eo.
1176 4341 1211 4395 Et
1223 4339 1265 4396 sie
1277 4337 1334 4394 alic
1345 4335 1597 4409 Scripturcdicit:
1618 4337 1776 4395 «Potentes
1787 4355 1838 4410 po·

128 4427 470 4494 cernimus,dsmiuimis
481 4443 544 4500 que
555 4427 812 4485 restautdubilare
823 4445 880 4485 uou
891 4447 956 4502 pos·
1010 4435 1105 4488 tenter
1129 4431 1274 4485 tormenta
1298 4425 1453 4498 patientur.
1470 4425 1546 4498 (Sep.
1562 4428 1613 4495 vr).
1627 4448 1641 4476 ιι
1658 4426 1717 4482 Nos
1741 4432 1839 4483 autem

128 4530 243 4570 sumus.
255 4515 320 4570 Jaru
337 4517 414 4571 enim
427 4520 528 4590 gentes
539 4520 641 4572 contra
650 4521 778 4588 gentem,
789 4522 818 4572 et
833 4534 955 4590 regnum
1010 4520 1132 4576 virtutes
1154 4516 1293 4572 coelorum
1318 4513 1483 4586 specialiter
1502 4513 1531 4569 in
1547 4513 1601 4572 hoc
1617 4513 1690 4584 loco,
1708 4515 1838 4589 angelos,

128 4601 576 4674 adversusreguumsurrexisse,
588 4608 621 4659 ut
630 4603 758 4660 vidimus
766 4609 794 4661 et
803 4606 952 4674 audimus,
967 4621 991 4688 p
1007 4605 1210 4678 archangelos,
1225 4603 1358 4670 thronos,
1370 4603 1595 4670 dominationes,
1607 4603 1740 4672 virtutes,
1756 4602 1839 4677 prin·

126 4691 311 4746 terremotus
322 4705 374 4762 per
387 4689 451 4747 loca
462 4691 552 4749 luisse
563 4691 672 4764 experti
683 4709 801 4748 sumus:
817 4692 953 4765 pestilen-
1007 4697 1121 4770 cipatus
1135 4698 1164 4750 et
1178 4695 1347 4765 potestates,
1365 4692 1516 4750 cherubim
1533 4697 1561 4748 st
1571 4691 1720 4765 seraphim
1732 4693 1838 4765 accipi-

126 4775 194 4846 tias,
210 4782 240 4833 et
253 4777 356 4847 sames,
374 4783 556 4854 terroresque
569 4781 604 4836 de
615 4779 697 4850 coelo,
710 4784 738 4835 et
751 4781 834 4854 sigua
846 4797 954 4855 magua
1008 4799 1086 4851 mus,
1102 4782 1139 4838 de
1153 4780 1262 4854 quibus
1273 4779 1415 4854 scriptum
1427 4785 1489 4838 est:
1506 4801 1516 4829 ι
1529 4780 1657 4836 Laudate
1670 4781 1836 4851 Dominum,

127 4864 219 4922 luisse
228 4882 285 4921 non
296 4866 467 4939 ignoramus
478 4886 484 4925 :
496 4870 582 4942 signa
593 4869 621 4925 iu
632 4869 692 4926 sole
702 4874 731 4925 et
741 4869 811 4926 luna
821 4868 952 4926 cistellis
1007 4868 1211 4944 omuesangcli
1221 4871 1296 4944 ejus,
1309 4868 1426 4927 laudate
1437 4885 1515 4936 eum,
1527 4883 1630 4926 omnes
1640 4869 1762 4925 virtutes
1772 4870 1837 4942 ejus

127 4953 338 5025 aquibusdam
354 4955 520 5027 frequenter
535 4957 597 5014 visa
608 4975 671 5016 esse
682 4960 866 5014 retexuntur:
883 4974 952 5013 con·
1006 4961 1091 5032 (Paul.
1107 4959 1231 5032 mcviii).
1246 4983 1259 5009 ιι
1276 4962 1343 5026 Qus
1355 4958 1477 5014 virtutes
1487 4957 1595 5015 moveri
1606 4958 1754 5024 dicuntur,
1766 4959 1837 5031 quia

128 5041 203 5096 lusio
211 5046 310 5097 nutem
319 5043 532 5100 seuitusmaris
542 5047 808 5118 etlluctuum,quia
820 5046 895 5102 nond
902 5065 951 5102 nm
1006 5049 1101 5122 angeli
1121 5067 1178 5104 uon
1190 5048 1287 5105 solum
1299 5049 1455 5103 adventum
1469 5045 1586 5102 Domini
1601 5047 1834 5115 comitabuntur,

127 5129 215 5198 veuit,
232 5129 296 5186 sinc
320 5128 409 5186 dubio
424 5146 545 5187 ventura
566 5135 703 5191 creditur.
725 5136 856 5191 Tradunt
871 5135 950 5191 euim
1005 5137 1152 5193 sedetiam
1164 5133 1836 5214 praecessurisuut,sicutDouriuusaitinEvan-

127 5216 271 5288 nonnulli,
283 5218 361 5292 quod
381 5217 458 5275 circa
469 5219 557 5275 finem
568 5223 666 5278 seculi
683 5241 772 5292 mare,
787 5224 910 5280 llumiua
924 5229 952 5280 et
1006 5224 1081 5299 gelio
1096 5243 1103 5283 :
1116 5248 1129 5274 a
1148 5225 1242 5281 blittet
1253 5222 1344 5278 Filius
1353 5220 1483 5278 hominis
1496 5222 1616 5298 angelos
1627 5241 1708 5296 suos,
1719 5229 1748 5281 et
1757 5225 1837 5281 colli-

127 5304 223 5373 rivuli,
231 5307 317 5377 juxta
326 5303 496 5378 qualitatem
510 5311 538 5362 et
550 5309 743 5379 quantitatem
755 5330 851 5380 suam,
868 5327 951 5369 voces
1006 5319 1075 5388 gent
1090 5316 1125 5371 de
1141 5329 1229 5386 regno
1240 5313 1304 5382 ejus
1315 5310 1415 5367 ouania
1425 5312 1565 5368 scandala
1580 5313 1682 5385 (llnltlr.
1698 5331 1758 5370 ιιιι.
1772 5337 1786 5364 ιι
1799 5315 1834 5369 Et

127 5399 155 5450 et
163 5396 293 5467 mugitus
306 5395 449 5462 emittent,
462 5395 612 5450 irateritnm
624 5393 897 5471 suum'quibusdam
910 5402 952 5457 ln·
1006 5403 1131 5459 iterum:
1160 5425 1173 5453 a
1188 5399 1314 5456 Exibunt
1330 5399 1435 5472 angeli,
1451 5406 1479 5457 et
1494 5403 1674 5474 separabunt
1689 5401 1783 5458 malos
1797 5402 1834 5458 de

126 5485 237 5539 ctuosis
251 5483 576 5555 vocibusdeplorantcs,
593 5490 621 5539 et
632 5499 683 5556 per
693 5485 745 5541 boc
760 5507 815 5544 non
829 5509 949 5562 parvum
1006 5493 1101 5548 teredio
1113 5493 1272 5562 justorum.
1284 5511 1297 5537 ιι
1311 5489 1346 5543 Et
1357 5488 1426 5543 alibi
1441 5507 1447 5543 :
1464 5511 1476 5542 ιι
1488 5489 1630 5546 Dominus
1642 5489 1833 5561 adjudicium

87 5639 92 5646 .
126 5568 949 5642 timoremhominibusaudientibusincuticnt.0niaeuim
1004 5581 1099 5636 reniet
1114 5594 1180 5635 curu
1198 5577 1318 5632 senibus
1334 5577 1397 5648 (lan.
1416 5581 1468 5646 nr).
1488 5603 1501 5630 ιι
1525 5580 1559 5634 Et
1574 5577 1729 5636 Salomon:
1745 5601 1759 5630 a
1776 5577 1833 5633 No-

126 5659 225 5718 omnia
239 5659 365 5718 finienda
380 5665 459 5729 siant,
472 5659 548 5717 circa
560 5661 647 5718 finem
659 5661 756 5717 seculi
768 5665 864 5722 omnin
875 5684 951 5724 com·
1004 5669 1072 5725 bilis
1089 5669 1117 5722 iu
1134 5665 1225 5739 portis
1235 5665 1279 5720 vir
1294 5667 1357 5739 cius
1370 5669 1486 5739 quaudo
1497 5666 1604 5724 sederit
1614 5682 1681 5721 cum
1694 5665 1833 5725 senatori·
