4026 6178
189 321 253 402 '22³
474 327 677 392 linitionis
699 327 968 390 deposuerat.
992 325 1115 388 eclsc.
1139 327 1225 390 OPP.
1248 325 1347 389 enas
1370 325 1409 388 ll.
1426 359 1464 373 ·—
1478 325 1614 390 hostio.
1835 327 1896 390 Did

79 519 83 528 ,
193 459 376 527 soleelsrius
391 460 434 539 (nt
448 457 842 533 disimuslvidercnovimus
854 476 912 530 npn
922 456 1017 516 solum
1033 459 1060 531 ,t
1075 458 1212 519 stasneati
1228 457 1897 536 ddclesdeDominiadventuseutiuut,qusndo

107 549 116 554 ’
193 551 321 620 Domini,
336 551 491 612 sedetiam
507 555 674 610 sanctorum
689 551 718 608 in
735 549 947 609 resurrectione
957 549 1017 625 glo-
1071 549 1149 622 quod
1165 548 1631 623 illipronuntiaveruntluturum,
1647 545 1694 606 isti
1700 547 1900 622 pronuntiant

194 643 238 704 ria
253 641 323 702 solis
337 640 467 716 aspectui
482 645 679 716 comparatur,
691 641 760 714 qnia
776 638 884 700 otarius
896 637 1017 696 soleali-
1067 639 1131 712 jam
1147 640 1268 696 lactum.
1284 639 1375 696 Aliter
1388 639 1476 696 ctiam
1490 639 1676 714 peritomen,
1686 637 1902 711 quimortisdc·

194 733 276 807 qnid,
293 733 370 790 uude
383 731 549 806 exemplum
576 732 695 788 daretur
709 729 890 798 hominibus,
907 729 1018 786 nimine
1072 729 1165 786 bitum
1181 730 1290 786 nedum
1306 728 1438 798 exsolvit,
1454 727 1902 802 duossanctorumordiuespos-

193 821 288 896 potuit
303 821 441 878 invenire.
457 821 537 878 Hanc
549 823 646 878 aulem
661 819 850 876 clarificatam
873 818 1018 880 Dominici
1072 835 1178 878 sumas
1193 818 1335 893 accipere,
1350 822 1379 876 st
1394 817 1597 885 illos-scilicet,
1623 817 1674 891 qui
1689 816 1806 877 Domini
1830 817 1903 876 ulti-

192 911 322 984 ccrporis
337 907 1018 984 majestatem,irancsanctorumcorporumcla·
1072 925 1153 966 mum
1168 909 1325 964 aduentum
1333 907 1898 981 moriendoperMoyscnpracesscrunt,

193 1000 320 1068 ritatem,
337 999 436 1058 nullus
454 999 598 1072 injudicio
607 999 796 1072 reproborum
809 998 1018 1072 uideropntan·
1072 1004 1101 1058 et
1116 997 1181 1056 illos
1197 998 1246 1071 qui
1262 995 1508 1071 temporejudicii
1525 995 1581 1051 uiui
1596 995 1624 1052 iu
1639 995 1900 1054 carneiaueuiendi

191 1091 249 1148 dus
262 1093 317 1148 est.
334 1091 463 1149 Tantum
478 1089 618 1145 videbunt
630 1087 1019 1162 inquemtranslixcrunt,et
1072 1091 1151 1146 sunt·
1169 1089 1245 1146 Dens
1259 1103 1328 1161 ergo
1343 1104 1410 1146 cum
1425 1086 1519 1148 eovisi
1537 1085 1904 1158 inmajcstatcmemoraa·

191 1179 332 1255 plangent
347 1194 378 1236 ss
392 1194 483 1252 anper
498 1195 564 1234 sum
581 1177 786 1234 omucstribus
799 1182 890 1235 terra.
901 1179 937 1234 ht
950 1193 1018 1234 eum
1073 1179 1131 1242 tur,
1149 1174 1219 1249 quis
1241 1180 1270 1232 at
1293 1173 1342 1232 isti
1357 1173 1534 1244 resuscitati,
1560 1173 1646 1232 atilli
1669 1172 1830 1244 immutati,
1856 1191 1902 1233 ra-

191 1273 310 1344 pesacto
322 1267 435 1342 judicio
449 1265 557 1326 sublati
568 1266 676 1326 luerint
684 1266 776 1340 impii,
786 1283 820 1324 ne
836 1265 1020 1340 videantglo-
1073 1265 1202 1338 pientur,
1218 1263 1249 1321 in
1265 1263 1393 1324 nubibus
1408 1262 1523 1322 obuiam
1532 1261 1649 1320 Christo
1664 1261 1695 1320 in
1702 1279 1773 1320 cers
1785 1264 1809 1332 (l
1826 1265 1901 1320 Thes.

192 1359 265 1418 riam
284 1359 342 1427 Dei,
359 1363 428 1414 tunc
440 1358 514 1426 justi
540 1357 576 1416 sd
597 1356 855 1429 contemplandam
878 1359 1019 1429 perpetuo
1072 1354 1120 1422 rvi,
1135 1357 1164 1412 et
1179 1353 1222 1410 sic
1238 1369 1355 1427 sempor
1368 1369 1436 1412 cum
1453 1351 1576 1408 Domino
1591 1355 1687 1422 erunt,
1704 1353 1823 1426 quando
1845 1351 1900 1410 iur-

190 1447 315 1524 glorism
331 1445 411 1519 regni
426 1447 501 1516 sins,
512 1450 544 1502 et
562 1445 616 1518 ipsi
633 1443 814 1519 promodulo
825 1461 879 1502 suo
890 1443 1020 1501 incorru·
1073 1442 1202 1518 plebitur
1216 1442 1372 1516 promissio
1387 1441 1514 1512 Domini,
1529 1441 1671 1498 dicentis:
1688 1463 1702 1492 u
1718 1441 1812 1511 Pater,
1824 1441 1902 1498 daut

190 1536 301 1614 plionia
313 1535 440 1611 gloriam
455 1534 655 1609 transfigurati
672 1533 834 1594 intrabunt.
851 1533 934 1592 Unde
950 1533 1020 1592 dicit
1073 1533 1150 1592 sicut
1164 1548 1217 1607 ego
1232 1536 1260 1590 et
1275 1529 1700 1599 tuunumsumus,itaetistiin
1716 1530 1902 1588 nobisuuum

189 1625 365 1703 apostolus:
385 1649 398 1678 ιι
414 1625 467 1692 Qui
483 1623 654 1684 reformabit
669 1640 774 1696 corpus
784 1622 960 1682 humilitatis
971 1641 1020 1680 uo·
1073 1623 1334 1693 scripurarum,
1352 1619 1671 1696 »nonaqualitatesed
1680 1619 1904 1694 participatione

188 1720 268 1789 stra,
283 1714 498 1790 configuratum
520 1713 634 1785 corpori
658 1711 801 1770 claritatis
817 1730 877 1770 sua
901 1713 1017 1786 (Philip.
1072 1711 1181 1786 gloria.
1199 1712 1255 1770 Sed
1271 1710 1361 1783 hujus
1376 1708 1498 1767 visionis
1512 1707 1791 1782 claritateqccntum
1800 1713 1903 1768 Petrus

190 1808 247 1878 usp*
260 1829 274 1856 u
292 1805 344 1864 Per
357 1803 532 1862 vestimenta
546 1819 613 1858 vcro
628 1800 755 1872 Domini,
771 1819 837 1876 quse
854 1802 930 1859 lacta
949 1806 1019 1858 sunt
1073 1799 1224 1874 spostolus
1239 1800 1400 1864 delectatus
1415 1799 1463 1868 sit,
1482 1797 1689 1867 manifestavit,
1699 1813 1768 1864 cum
1782 1813 1902 1873 respou-

189 1894 256 1957 alba
270 1893 347 1952 siout
361 1889 1016 1965 nix,ileclesiadesignatur,quamiuxtahpo-
1072 1891 1145 1948 dens
1161 1889 1233 1946 dixit
1248 1889 1284 1946 ad
1298 1889 1418 1948 lesum:

189 1981 298 2046 stolum
313 1980 401 2056 clmit
415 1981 522 2054 (Eptcs.
536 1980 576 2049 v),
593 1997 651 2036 non
674 1979 832 2036 habentem
857 1979 1016 2047 maculam,
1108 2005 1122 2030 a
1138 1977 1269 2045 Domine,
1286 1979 1396 2036 bonum
1413 1981 1458 2034 est
1474 1993 1527 2039 aas
1542 1975 1590 2034 hic
1605 1976 1904 2040 esse-»Ubiostendit

188 2087 286 2145 neque
298 2087 414 2146 rugam,
431 2073 465 2127 ut
478 2069 707 2133 cssetmundaet
719 2067 1019 2128 immaculataiuceu·
1072 2086 1223 2132 summum
1240 2069 1351 2129 bonum
1366 2073 1395 2124 et
1410 2065 1571 2140 principale
1585 2065 1615 2122 in
1641 2066 1739 2123 lutura
1754 2066 1813 2124 vita
1831 2084 1901 2124 cum

190 2165 292 2234 spectu
308 2161 384 2232 eJ'us,
400 2159 476 2216 sicut
489 2175 541 2233 per
553 2158 698 2218 ioannem
714 2157 744 2214 iu
759 2157 1016 2233 Apocalypsidici-
1071 2157 1195 2218 Domino
1210 2175 1284 2225 esse,
1302 2173 1360 2214 non
1376 2156 1406 2216 iu
1417 2155 1860 2230 prascctisaeculo,qaodtotum
1870 2156 1901 2212 in

189 2253 253 2309 tur:
271 2272 286 2300 α
302 2247 368 2306 Vidi
396 2246 543 2306 ciuitatem
566 2250 712 2310 sanctam,
723 2245 886 2308 Jerusalem
910 2263 1016 2309 novem
1070 2246 1201 2324 maligno
1217 2244 1345 2321 positum
1360 2250 1415 2314 est,
1431 2251 1461 2302 et
1476 2243 1526 2302 ubi
1537 2243 1708 2316 juxtuPauli
1723 2244 1901 2318 apostolico·

188 2337 411 2402 dsscendentem
427 2336 465 2392 de
477 2335 560 2404 emto,
577 2339 719 2410 tunquam
727 2353 865 2408 sponsam
881 2340 1015 2396 ornatam
1070 2355 1144 2406 cem,
1161 2336 1222 2396 dics
1238 2335 1307 2394 mali
1320 2339 1401 2394 suot.
1418 2334 1477 2397 Hoc
1492 2333 1570 2392 enirn
1585 2335 1696 2392 bonum
1707 2339 1848 2402 senserat,
1865 2339 1897 2392 et

187 2425 249 2484 uiro
261 2441 318 2484 suc
334 2425 415 2498 (ipae
429 2424 498 2487 xxi).
518 2447 528 2474 ι
546 2423 630 2482 Sicut
644 2423 721 2484 caim
736 2424 825 2482 vestis
841 2424 941 2482 multis
959 2424 1015 2482 lllis
1069 2425 1138 2486 buic
1154 2425 1293 2482 inherere
1310 2429 1365 2482 Deo
1381 2424 1491 2482 bouum
1502 2426 1556 2484 est.
1569 2424 1654 2490 'Quod
1669 2427 1768 2480 autem
1790 2423 1826 2480 ab
1842 2422 1895 2480 illa

188 2513 305 2582 texitur,
322 2513 368 2574 sio
392 2511 521 2570 Ecclesia
545 2512 646 2572 multis
670 2513 827 2572 virtutibus
850 2515 1014 2582 decoratur,
1069 2517 1180 2574 risione
1195 2515 1343 2573 discedere
1358 2513 1457 2582 nollet,
1472 2513 1894 2587 manifestaritcumadjuusit:

184 2603 271 2678 juxta
283 2601 359 2668 illud
372 2601 467 2662 leuia:
486 2600 1015 2678 «Viuoego,dicitDcmiuus,quiabis
1071 2629 1085 2658 u
1102 2606 1131 2666 Si
1147 2605 1201 2676 vis,
1217 2605 1359 2664 iaciamus
1374 2604 1422 2662 bic
1436 2603 1494 2660 tria
1507 2602 1707 2671 tabernacula,
1719 2601 1771 2658 tibi
1787 2619 1894 2675 unum,

186 2693 326 2754 omuibus
341 2689 419 2750 velut
438 2695 610 2754 ornamento
624 2691 757 2752 vestieris
773 2693 834 2756 (ira.
845 2694 931 2758 aaut.
950 2715 965 2743 n
980 2694 1016 2750 Et
1069 2717 1084 2746 a
1100 2694 1191 2768 Moysi
1208 2711 1300 2752 uuum
1317 2697 1346 2750 et
1360 2691 1427 2752 illia
1443 2709 1546 2750 unum.
1563 2691 1649 2750 »Hoc
1662 2696 1761 2748 autem
1769 2690 1898 2760 dixit(nt

185 2781 358 2857 apostolus:
377 2803 391 2834 s
406 2779 554 2854 Quotquot
567 2780 646 2838 enim
661 2780 779 2855 (inquit)
795 2782 823 2838 in
837 2780 951 2840 Christo
966 2783 1015 2840 ba·
1069 2783 1145 2844 alius
1160 2781 1338 2858 evengelista
1352 2781 1449 2856 relect)
1466 2781 1600 2838 nesciens
1614 2779 1896 2854 qniddiceret,.quia

187 2871 287 2947 ptizati
300 2871 383 2941 estis,
400 2870 549 2928 Christum
565 2870 704 2928 induistis
715 2871 787 2942 (dul.
798 2871 845 2944 ru),
862 2872 943 2934 »Hoc
958 2877 1013 2940 est,
1068 2873 1199 2932 humana
1214 2875 1319 2930 nutura
1332 2887 1401 2932 oum
1416 2869 1628 2928 ultramodum
1643 2887 1702 2932 sae
1727 2867 1896 2946 tragilitatis

186 2961 238 3036 qui
253 2961 283 3016 in
298 2963 429 3034 tempore
445 2958 753 3018 resurrectionisomui
765 2959 1012 3035 labeiniquitatis,
1068 2963 1196 3034 ducitur,
1207 2959 1556 3036 aliquundosuamipsam
1565 2957 1893 3034 ignorantiamignorat.

185 3049 276 3114 simui
287 3054 321 3114 ‚et
335 3051 371 3108 ub
386 3047 1014 3110 omnimortalitatisobscuritatecastifican-
1068 3051 1222 3112 Nesciebat
1235 3049 1306 3125 quid
1322 3049 1440 3120 dictust,
1458 3047 1574 3123 quaudo
1589 3048 1733 3106 inclama
1746 3045 1895 3121 illagloria

187 3143 247 3202 tur.
264 3139 445 3200 Vestimenta
459 3139 537 3198 cuim
556 3138 669 3198 Domini
684 3137 761 3201 laeta
776 3145 846 3200 suut
861 3140 1015 3198 albasieut
1068 3139 1241 3214 temporalia
1254 3138 1443 3198 tabernacula
1467 3136 1631 3196 necessaria
1654 3135 1827 3196 estimabat.
1847 3136 1892 3192 lbi

185 3230 246 3298 aix,
262 3229 332 3304 quia
346 3229 518 3290 Ecclesiam
534 3229 706 3290 iuturasita
721 3229 906 3304 adglorians,
923 3249 1011 3304 quam
1028 3207 1050 3274 C
1069 3236 1147 3288 cuim
1164 3227 1324 3286 materialis
1340 3226 1520 3287 tabernaculi
1535 3225 1713 3284 constructio
1729 3225 1896 3284 necessaria

185 3317 1013 3390 oculusnouvidit,necaurisaudivit,necincorhomiuis
1068 3335 1126 3376 uon
1142 3322 1196 3385 est,
1213 3316 1263 3374 ubi
1279 3333 1431 3376 summum
1447 3317 1556 3375 bonum
1570 3319 1599 3373 et
1608 3315 1771 3390 perlectum
1779 3314 1893 3372 Domini

186 3408 328 3478 aseendit,
343 3412 390 3468 est
402 3406 728 3482 perscripserimus
739 3406 1014 3480 perveniraoptabat
1066 3407 1139 3466 visio
1153 3409 1208 3475 est,
1224 3406 1301 3462 sicut
1315 3423 1367 3480 per
1380 3404 1521 3464 loannem
1538 3406 1575 3464 de
1586 3404 1897 3480 superuaeivitatcle·

188 3493 288 3564 David,
304 3511 370 3554 eum
387 3493 515 3551 dicebat:
530 3519 543 3544 u
562 3494 684 3552 Lavabis
699 3511 746 3554 me
761 3499 790 3552 ct
804 3511 893 3570 super
916 3495 1012 3554 nivem
1067 3494 1195 3552 rusalcm
1210 3493 1318 3552 dicitur
1339 3509 1346 3552 :
1363 3515 1377 3546 u
1394 3495 1427 3554 ct
1441 3493 1585 3568 tempium
1602 3511 1659 3550 non
1675 3492 1827 3562 vidiiuea,
1838 3497 1894 3552 Do·

185 3581 343 3644 tlealbabor
358 3582 444 3653 (Dect.
461 3582 497 3647 u).
510 3581 612 3640 »Unde
621 3583 846 3668 henedsiisdsm
855 3584 1013 3642 vestimen·
1067 3584 1166 3644 minus
1181 3583 1259 3642 euim
1277 3581 1649 3656 Deustemplumilliusest,
1663 3584 1892 3657 stagnustdpoc.

186 3671 226 3730 tis
242 3670 397 3745 petatium
412 3669 1011 3746 evangelistam,scilicettlarcumdicitur.
1065 3685 1133 3750 sar).
1150 3697 1164 3724 κ
1180 3670 1279 3741 Quaiis
1304 3675 1402 3730 autern
1426 3671 1605 3730 constructio
1627 3672 1655 3728 in
1672 3687 1707 3730 aa
1730 3669 1833 3728 lutura·
1843 3672 1892 3743 sit,

187 3785 201 3818 s
218 3759 295 3827 Duia
307 3760 381 3820 lacta
397 3763 468 3820 suut
479 3759 606 3817 candida
618 3759 708 3818 nimis
732 3760 811 3818 uelut
829 3760 889 3832 nix,
914 3761 1014 3837 qualia
1066 3763 1224 3822 Psalmista
1244 3761 1383 3830 declarat,
1408 3778 1475 3820 cum
1498 3759 1587 3820 dicit:
1605 3784 1619 3814 s
1640 3760 1802 3822 Jerusalem
1826 3777 1893 3833 qua

186 3849 331 3908 lullanae
347 3853 443 3922 potest
467 3850 663 3924 iaceresuper
687 3851 900 3922 terremotum.
927 3861 978 3924 rx).
996 3875 1011 3904 u
1066 3851 1227 3914 adiitcatur
1255 3856 1286 3908 ut
1310 3849 1422 3920 civitas,
1453 3852 1538 3924 eujus
1566 3849 1749 3924 participatio
1772 3849 1838 3924 ejas
1862 3849 1893 3906 iu

186 3938 330 4005 Quoniam
345 3942 457 4011 quanta
470 3937 571 3996 iutura
586 3938 625 3996 sit
639 3938 732 4014 gloria
753 3944 934 4010 sanctorum,
958 3959 1011 3999 aec
1065 3941 1196 4016 idipsum
1212 3941 1296 3998 (Psul.
1319 3951 1402 4014 erar).
1421 3963 1434 3990 υ
1449 3941 1484 3998 iit
1509 3939 1650 3996 Dominus
1673 3939 1703 3998 ia
1719 3937 1892 4014 Evangelio:

186 4028 297 4096 doctor,
314 4044 367 4085 uec
381 4028 553 4101 predicator
567 4027 690 4102 quilibet
704 4027 876 4103 spiritualis,
893 4031 922 4087 in
938 4048 1011 4105 pre·
1066 4053 1080 4082 «ι
1097 4031 1128 4086 ln
1144 4031 1231 4089 domo
1244 4027 1339 4086 Patris
1352 4029 1408 4086 mei
1424 4029 1592 4088 mensiones
1608 4027 1786 4088 multassent
1800 4029 1892 4092 (loos.

185 4117 261 4176 senti
276 4117 336 4179 uita
347 4117 409 4174 scis
424 4116 500 4176 saint
514 4117 832 4192 aperiresermonibus.
844 4119 900 4176 Sed
916 4137 951 4176 ue
962 4120 1012 4178 sit·
1065 4123 1133 4186 xiv).
1153 4141 1164 4168 s
1183 4119 1280 4178 Unum
1292 4122 1391 4176 nutem
1407 4118 1544 4192 idemque
1559 4117 1681 4176 sollicite
1701 4116 1894 4178 corrsideran-

185 4223 245 4282 qna
260 4204 403 4264 dubitatio
418 4205 447 4262 in
473 4206 673 4280 apostolorum
700 4207 837 4265 cordibus
861 4225 1012 4282 remanere
1066 4209 1136 4268 duum
1153 4211 1207 4276 est,
1223 4207 1389 4281 quiajuxta
1405 4205 1567 4266 Psalmista
1589 4223 1703 4265 rocem:
1720 4229 1733 4257 «
1750 4206 1814 4264 Non
1840 4205 1891 4264 ha-

184 4298 294 4376 posset,
309 4299 377 4369 post
391 4295 680 4369 trmslrgurationorn
701 4295 844 4355 Dominici
865 4297 1010 4372 eorporis,
1065 4298 1140 4358 bitot
1156 4313 1223 4354 cnm
1239 4313 1272 4355 oo
1290 4296 1447 4371 malignus,
1463 4293 1892 4371 aequepormanebuntinlusti

184 4384 280 4444 idonei
296 4389 388 4444 testes
396 4384 583 4442 adhibentur.
600 4385 725 4442 Undeel
741 4387 894 4443 subditur:
1064 4391 1133 4445 autc
1147 4385 1247 4445 oculos
1262 4387 1327 4458 ejus
1342 4387 1430 4450 (Paul.
1444 4393 1511 4457 vl.»
1529 4385 1610 4444 Unde
1625 4385 1892 4458 sicialerrogantes

221 4497 235 4526 u
253 4473 324 4530 Dece
339 4478 539 4548 appamerunt
556 4473 673 4547 Moyses
686 4480 716 4530 et
729 4474 808 4532 Elias
833 4492 900 4532 curn
916 4492 949 4532 eo
965 4475 1010 4532 lo·
1065 4473 1232 4540 Dominum,
1247 4490 1315 4532 cum
1330 4473 1475 4548 Propheta
1489 4473 1630 4533 dicimus:
1650 4495 1661 4526 ι
1679 4471 1809 4541 bonane,
1826 4471 1894 4546 quis

173 4571 202 4614 's
217 4565 351 4636 quantes.
368 4561 853 4637 uQualesautemapparuerint,vel
865 4564 1009 4638 qnidcnm
1027 4577 1048 4640 p
1064 4561 1209 4620 habitabit
1224 4562 1252 4620 in
1270 4563 1458 4620 tabernaculo
1473 4563 1544 4620 tuot
1556 4561 1680 4636 autquis
1693 4561 1893 4636 requiescetis

185 4666 219 4708 co
233 4649 323 4708 locuti
336 4649 407 4719 siat,
424 4649 501 4708 alius
514 4650 637 4716 (scilieet
646 4652 750 4715 Lucos)
761 4652 1010 4727 evangelistama-
1065 4655 1272 4711 montesancto
1284 4649 1894 4722 tuolulpsul.xcv.)Talesnosexbibeamus

185 4737 322 4796 silestius
336 4737 475 4808 declarat,
499 4739 614 4797 dicens:
632 4761 646 4790 n
661 4743 696 4796 Et
717 4756 782 4798 ecee
803 4740 857 4798 visi
880 4745 951 4798 sunt
967 4741 1011 4800 lo·
1065 4742 1101 4799 de
1117 4741 1224 4816 quibus
1240 4743 1392 4801 subditur:
1409 4767 1423 4794 «
1435 4738 1894 4816 ¹(luiingreditur,sinemaculoet

184 4831 309 4901 quantes
324 4843 391 4888 cum
408 4843 442 4886 eo
452 4825 571 4902 timeas
584 4831 614 4885 et
628 4827 716 4898 stirs,
724 4827 871 4902 splendidi
885 4829 915 4886 iu
923 4831 1012 4904 meje-
1065 4832 1203 4902 operatur
1212 4825 1361 4902 justitiam
1384 4829 1470 4903 (Psoi.
1488 4831 1556 4898 xiv),
1581 4830 1609 4884 et
1630 4831 1735 4886 catera
1756 4843 1821 4899 qua
1842 4843 1892 4884 se-

184 4920 269 4982 ctata,
284 4915 476 4988 predicantes
491 4917 555 4990 aius
566 4916 752 4976 excessumin
765 4917 1010 4983 Jerusalemituc.
1066 4919 1207 4990 quuntur.
1223 4917 1279 4976 Sed
1295 4919 1331 4977 dc
1344 4916 1542 4976 tabernaculis
1556 4914 1892 4975 visibiliecastruetione

183 5004 231 5066 rx).
250 5025 263 5053 o
278 5001 332 5061 Ubi
341 5019 399 5075 per
413 5003 531 5079 Moysen
547 5009 575 5062 et
589 5004 693 5073 liliam,
710 5009 740 5063 et
753 5004 826 5081 legis
841 5012 869 5064 st
884 5007 1011 5081 prophe·
1067 5005 1149 5062 Petro
1164 5006 1325 5080 cogitante:

183 5096 281 5148 tarum
297 5091 416 5150 craecia
431 5092 634 5168 intelligimus,
661 5094 712 5168 qui
725 5096 924 5169 predicabant
946 5096 1010 5169 ejus
1101 5117 1115 5144 κ
1129 5094 1232 5152 adhuc
1247 5112 1280 5153 eu
1292 5097 1441 5171 loquente,
1457 5091 1892 5154 ecceuubeslucidaohumbra·

184 5195 338 5238 excessum
349 5179 379 5235 in
393 5180 567 5249 Jerusalem,
583 5183 654 5256 quia
665 5183 901 5259 lexetpropheta
916 5185 1012 5242 Domi.
1067 5205 1082 5234 a
1096 5181 1137 5240 vit
1151 5200 1212 5240 eos.
1230 5207 1244 5236 a
1260 5184 1296 5242 Ut
1311 5184 1505 5260 intelligerent
1517 5185 1617 5242 electis
1631 5184 1659 5240 in
1677 5187 1784 5242 aterna
1799 5182 1892 5242 taber·

184 5285 255 5326 uum
273 5285 432 5342 passurum
447 5275 722 5331 etresnrrscturum
731 5269 1009 5348 praarrntiaveriuut.
1065 5271 1172 5330 nacula
1187 5259 1319 5346 receptis,
1338 5290 1393 5331 non
1411 5291 1474 5332 esse
1490 5273 1657 5332 necessaria
1670 5269 1834 5348 corporalia
1848 5273 1891 5328 ta-

184 5357 250 5417 Siva
262 5355 560 5435 sDar‚.per·Mopcn
575 5363 603 5418 et
617 5361 720 5433 liliam,
736 5367 896 5438 utrumque
909 5365 1010 5422 Testa·
1064 5359 1221 5422 hernacula
1237 5361 1288 5420 ubi
1301 5362 1331 5418 in
1345 5363 1433 5420 uubis
1448 5363 1672 5422 obumbratione
1678 5359 1892 5436 protectisraat

184 5451 317 5506 mentum
329 5445 494 5522 intelligere
510 5465 679 5523 possumus,
690 5451 780 5511 Vetus
795 5453 905 5512 scilicet
919 5457 947 5510 ct
957 5453 1011 5509 No·
1064 5449 1893 5526 aconcentumalignantium,emuttitudineopensnttrim

183 5553 263 5594 vum.
279 5535 342 5594 Una
357 5553 425 5610 ergo
440 5553 508 5596 voce
523 5537 637 5612 Moyses
651 5545 680 5597 et
695 5540 771 5598 illias
787 5559 938 5601 excessum
956 5545 1009 5596 Do·
1064 5538 1261 5612 iniquitatem,
1278 5539 1659 5616 quandoimplebitnrqucd
1671 5539 1740 5596 alibi
1755 5537 1892 5612 perPsnl·

185 5623 258 5686 mini
273 5624 478 5698 predixerunt,
495 5624 708 5700 quiaconcordi
722 5628 778 5686 ilde
792 5627 947 5700 utriusque
957 5627 1010 5685 Te·
1064 5625 1184 5687 mamm
1198 5627 1319 5688 dicitur:
1337 5652 1352 5683 u
1364 5630 1535 5692 abscondes
1550 5647 1601 5689 eos
1614 5631 1646 5689 in
1656 5625 1828 5689 abscondito
1844 5625 1890 5684 sa·
