4018 6178
127 325 179 388 m
247 307 252 320 '
731 317 906 383 HObilLlAE
930 319 981 382 DE
1002 317 1218 386 Teneone*
1758 333 1816 428 ssa

124 459 216 517 abaci.
240 453 304 512 tam
330 452 466 526 superius
489 469 541 528 per
560 451 678 526 nuptias
700 452 936 524 conjunctionem
951 455 976 522 Α
993 454 1056 528 tier,
1072 472 1138 514 occe
1153 455 1233 514 filius
1252 459 1323 514 tuus
1344 461 1439 530 (dona.
1455 461 1524 529 xlx).
1542 483 1556 510 ιι
1579 460 1619 518 hc
1643 459 1668 518 si
1692 462 1815 521 diceret:

124 547 220 604 Christi
233 549 262 601 et
277 543 408 600 Ecclesia
430 542 550 617 figurari
566 541 705 600 diximus.
720 542 802 606 Quod
816 547 936 600 vocatus
990 545 1062 602 Dccc
1073 547 1151 618 quod
1167 563 1201 602 cx
1211 550 1239 603 to
1255 547 1415 621 assumpsi,
1431 549 1490 621 pati
1507 552 1535 606 et
1547 550 1619 606 mori
1631 555 1744 624 potest3
1762 555 1816 610 mi·

123 637 200 694 iesus
213 633 321 690 dicitur
335 633 370 690 ad
385 631 514 706 nuptias,
532 649 584 705 per
604 632 659 689 hoc
683 629 848 688 declaratur
867 631 938 706 quia
990 634 1124 691 raculum
1139 635 1217 708 quod
1244 637 1361 710 quaeris,
1378 637 1442 695 sine
1456 637 1608 696 divinitate
1631 641 1742 714 operari
1759 659 1816 700 non

123 727 178 783 sine
187 723 353 781 testimonio
362 721 436 803 legis
446 725 474 778 ct
484 721 694 795 prophetarum
705 720 734 778 in
751 721 863 778 mundo
878 737 936 778 nnn
991 725 1095 796 potest.
1108 725 1163 780 Sed
1176 741 1243 781 cnm
1255 725 1303 782 Dei
1315 726 1485 800 genitricem
1498 727 1648 784 mulierem
1666 730 1752 787 audis
1766 747 1816 804 ap·

123 813 257 890 apparuit.
270 811 359 880 Quasi
374 811 452 868 anim
464 815 562 885 patres
577 811 670 868 sancti
685 815 714 867 ot
724 809 937 884 propbetaDo·
990 811 1817 892 pellatam,nolidubitaredccjnsrirgiuitatr,quiausus
1872 875 1880 886 ,

123 905 224 962 minum
239 903 275 960 ad
298 901 417 976 nuptias
432 905 617 968 rocaverunt,
633 901 752 975 quaudo
767 918 825 958 non
841 900 936 958 solum
991 899 1147 974 Scriptura
1161 907 1216 972 est,
1233 920 1336 960 ornnes
1352 905 1487 976 laminas,
1514 923 1571 962 non
1588 906 1683 964 solum
1700 913 1817 982 nuptos,

122 1009 179 1050 aum
193 996 348 1049 venturum
363 991 393 1048 in
405 991 549 1048 mundum
561 990 768 1064 praedixerunt,
783 992 835 1047 sed
849 989 937 1048 etiarn
991 991 1042 1046 sed
1057 991 1145 1047 etiarn
1170 991 1321 1066 innuptas,
1338 993 1477 1052 mulieres
1500 995 1659 1069 appellare,
1684 995 1760 1054 sicut
1782 999 1818 1054 da

122 1087 150 1139 nt
161 1082 253 1139 venire
272 1081 445 1155 dignaretur
459 1097 510 1158 pro
528 1085 629 1138 nostra
644 1080 852 1154 redemptione,
868 1079 937 1136 totis
991 1079 1086 1153 prima
1100 1085 1194 1138 matre
1209 1083 1340 1139 omnium
1352 1083 1419 1156 Eva,
1432 1101 1498 1142 curn
1509 1085 1694 1153 formaretur,
1706 1085 1817 1143 dictum

121 1171 185 1228 rotis
194 1173 378 1246 optaverunt.
393 1169 445 1226 Vis
461 1169 562 1226 andire
577 1170 723 1244 quomodo
738 1168 778 1226 sil
791 1168 938 1226 vocatus?
991 1173 1050 1226 esi:
1068 1192 1082 1220 ιι
1098 1167 1259 1228 AEdiircnu't
1273 1171 1415 1229 Dominus
1426 1177 1550 1242 costam,
1562 1191 1650 1248 quam
1662 1175 1771 1232 tulerat
1782 1175 1818 1232 de

121 1259 180 1318 audi
194 1259 299 1318 isaiam
316 1259 481 1316 dicentem:
501 1280 514 1311 ιι
529 1257 647 1316 Utinam
668 1257 866 1332 disrumperes
880 1273 936 1314 cm·
990 1260 1095 1328 ildam,
1107 1259 1136 1316 iu
1147 1259 1300 1318 mulierem
1312 1261 1387 1330 (Gen.
1401 1263 1442 1336 ιι).
1456 1284 1469 1312 ιι
1483 1263 1562 1320 lianc
1574 1264 1818 1322 consuetudinem

120 1350 203 1418 los,et
217 1349 410 1406 descenderes
428 1349 490 1422 (ira.
507 1352 591 1418 narr).
610 1370 624 1398 ι
641 1346 675 1404 ut
690 1346 856 1412 Psalmista,
873 1348 937 1419 ejus
991 1353 1110 1406 secutus
1125 1349 1290 1422 Apostolus,
1308 1349 1357 1408 Del
1377 1351 1559 1425 genitricem,
1577 1370 1640 1426 qua
1655 1351 1735 1425 virgo
1751 1356 1818 1410 ante

120 1439 263 1496 adrentum
279 1437 463 1505 desiderans,
479 1436 535 1494 ait:
553 1461 567 1488 ιι
581 1437 712 1507 Domino,
725 1436 835 1494 inclina
850 1436 937 1492 corios
991 1441 1119 1511 partum,
1132 1438 1212 1512 virgo
1221 1443 1409 1512 postpartum
1422 1440 1593 1514 permansi,
1605 1441 1758 1498 mulierem
1770 1458 1819 1514 np-

120 1535 185 1597 tnns,
207 1533 235 1586 et
258 1528 406 1585 descende
433 1528 518 1599 (Psoi.
535 1525 642 1598 cantu).
661 1549 675 1577 ιι
699 1527 816 1584 Necnon
841 1530 869 1581 et
889 1524 938 1582 illa
991 1525 1119 1600 pellavit,
1136 1525 1235 1584 dicens
1247 1544 1254 1586 :
1266 1551 1280 1578 ιι
1298 1528 1464 1586 MisitDeus
1477 1528 1581 1586 Filium
1596 1547 1695 1601 suum,
1707 1531 1817 1586 iactum

118 1616 281 1675 uenerabilis
295 1633 386 1674 senen
406 1617 469 1689 jam
494 1616 666 1684 moriturus,
691 1615 805 1673 aicbat:
821 1638 836 1666 «
852 1613 937 1672 Salu·
992 1633 1025 1672 cx
1037 1615 1169 1686 muliere,
1187 1617 1295 1673 iactum
1313 1618 1368 1674 sub
1383 1617 1445 1692 lege
1461 1618 1561 1692 (Galat.
1576 1619 1623 1693 av),
1642 1643 1655 1670 ιι
1672 1637 1738 1676 oum
1755 1619 1818 1676 sinc

119 1713 261 1764 tumtunm
272 1705 460 1780 exspectabo,
476 1705 601 1762 Domine
611 1705 686 1779 (Gen.
703 1705 789 1778 xcix).
806 1727 820 1754 ιι
836 1703 937 1762 Vocati
992 1704 1082 1760 dubio
1097 1721 1131 1760 ex
1145 1705 1258 1779 virgine
1273 1710 1360 1763 nutus
1370 1707 1517 1763 credatur.
1531 1707 1594 1765 Non
1609 1709 1688 1766 enim
1703 1709 1757 1766 boc
1768 1726 1818 1766 no-

119 1799 283 1852 suntaulem
296 1811 368 1852 cum
380 1811 413 1852 co
429 1797 458 1852 et
468 1793 604 1868 discipuli
617 1796 692 1868 ejus,
704 1794 773 1867 quia
784 1799 816 1850 nt
827 1793 939 1850 firmior
955 1839 977 1904 B
992 1794 1071 1850 minc
1086 1795 1244 1868 corruptio,
1261 1795 1312 1852 sed
1328 1812 1415 1853 senus
1425 1789 1606 1870 desigantur.
1618 1797 1654 1853 Ut
1664 1803 1762 1854 autem
1773 1799 1818 1854 in-

118 1885 264 1944 auctoritas
275 1889 369 1952 esset,
386 1900 443 1940 non
458 1882 553 1941 solum
569 1883 686 1940 Domini
696 1883 869 1950 incarnatio,
886 1883 936 1939 scd
992 1883 1151 1957 telligatur,
1168 1901 1225 1940 non
1246 1885 1382 1958 pietatem
1399 1903 1417 1942 a
1433 1885 1555 1943 Domino
1571 1886 1658 1943 matri
1671 1891 1819 1962 negatam,

118 1973 195 2030 etiam
210 1990 315 2030 eorum
332 1972 500 2048 pradicatio
516 1972 655 2046 praedicta
670 1971 733 2028 init.
748 1971 794 2029 Sic
804 1971 881 2029 enim
898 1971 939 2027 ait
993 1973 1043 2030 sed
1051 1973 1182 2029 ordinem
1190 1973 1818 2048 passioniapranunnatum,recteabditur.

118 2061 198 2120 isaias
215 2063 245 2120 iu
261 2079 392 2137 persona
403 2063 535 2120 Domini:
550 2083 564 2116 ι
577 2063 650 2119 liceo
662 2079 715 2135 ego
728 2065 756 2120 et
771 2062 851 2134 pueri
869 2061 936 2131 mei,
1029 2060 1130 2116 «Dicit
1146 2067 1240 2118 mater
1253 2063 1318 2134 ejus
1329 2063 1473 2120 ministris
1485 2081 1492 2120 ι
1506 2065 1706 2138 Quodcunque
1717 2065 1822 2122 dixerit

118 2169 181 2226 qnos
199 2153 271 2209 mibi
286 2153 371 2210 dedit
388 2153 528 2210 Dominus
544 2152 573 2208 in
594 2151 712 2226 signum
727 2157 755 2208 et
771 2155 937 2225 portantum
993 2173 1007 2201 ιι
1023 2150 1104 2206 vobis
1120 2151 1215 2207 facile.
1230 2174 1243 2200 ιι
1255 2150 1397 2208 Intellexit
1412 2153 1489 2209 enim
1505 2153 1534 2208 in
1550 2151 1609 2210 illis
1626 2154 1741 2210 Domini
1757 2171 1821 2210 rer·

117 2242 206 2300 lsraeli
220 2243 286 2314 (iso.
305 2242 377 2316 vra).
393 2261 407 2294 ι
993 2239 1050 2304 bis,
1065 2257 1096 2296 se
1107 2257 1164 2296 non
1175 2257 1239 2296 esse
1249 2247 1447 2314 exasperatam
1457 2259 1464 2312 ;
1473 2247 1502 2298 ct
1511 2243 1575 2298 idco
1587 2241 1823 2300 fiducialitermi-

147 2359 159 2382 ιι
173 2333 206 2389 ilt
220 2331 378 2389 deliciante
398 2331 475 2400 vino,
498 2331 568 2389 dicit
593 2335 688 2388 mator
702 2330 772 2388 Jesu
788 2331 823 2387 nd
850 2345 938 2386 cum:
993 2327 1095 2385 histris
1120 2329 1283 2403 imperauit,
1300 2335 1333 2386 ut
1356 2335 1501 2405 praecepta
1521 2330 1679 2404 implerent
1699 2331 1752 2387 filii
1771 2331 1819 2404 ju·

120 2420 245 2479 «Vinum
261 2438 324 2479 non
338 2421 458 2477 habeut.
474 2440 488 2473 ι
504 2419 561 2477 Nec
577 2419 699 2477 tumultu
713 2437 766 2476 nec
781 2435 850 2476 casu
867 2419 940 2475 acci·
993 2417 1100 2474 hantis.

118 2511 187 2568 disse
201 2512 369 2585 putandum
386 2513 440 2576 est,
450 2514 482 2565 ut
497 2509 621 2566 Domino
630 2508 763 2566 veniente
773 2507 939 2581 adnuptias
1030 2530 1044 2557 ιι
1054 2507 1821 2584 Drantautemlapideahydriasexpcsitaesecundum

119 2601 209 2657 sinum
225 2601 376 2665 deiiceret,
389 2599 439 2655 sed
451 2597 515 2654 ideo
526 2598 620 2670 magis
632 2601 664 2653 ut
678 2597 792 2654 occasio
802 2595 938 2652 miraculi
994 2618 1007 2645 ιι
1027 2595 1260 2668 purificationem
1272 2597 1451 2668 iudaeorum,
1463 2601 1612 2673 capientes
1621 2598 1745 2674 singulm
1760 2613 1821 2656 me·

120 2690 199 2759 heret,
213 2695 243 2746 ut
257 2691 334 2745 dum
346 2705 438 2760 aquas
449 2687 478 2742 ln
489 2687 588 2743 vinum
601 2689 790 2755 converteret,
802 2685 878 2742 Deus
889 2685 939 2758 qui
994 2709 1007 2734 ιι
1025 2689 1115 2741 trelas
1132 2686 1217 2742 binas
1230 2686 1274 2740 vel
1290 2691 1399 2743 ternas.
1415 2709 1429 2738 ιι
1455 2689 1568 2760 Hydria
1586 2689 1727 2744 dicuntur
1740 2705 1820 2758 vasa,

119 2779 142 2834 in
155 2777 276 2836 bomine
289 2777 410 2846 latebat,
425 2779 586 2850 appareret,
599 2777 661 2849 ipse
676 2775 796 2844 scilicet,
807 2775 858 2848 qui
868 2776 938 2832 edu·
994 2789 1076 2846 aquae
1086 2775 1213 2847 receptui
1222 2779 1393 2848 preparata,
1409 2780 1502 2832 tracto
1511 2776 1652 2832 uocabulo
1667 2779 1823 2850 aproprie-

119 2869 152 2924 cit
164 2885 272 2944 panem
297 2868 334 2924 de
348 2871 435 2934 terra,
451 2873 479 2922 et
493 2865 560 2922 rino
583 2863 710 2922 latiiloat
725 2881 775 2922 cor
799 2863 937 2921 hominis.
993 2866 1052 2920 tate
1068 2864 1158 2920 Gracci
1175 2865 1330 2938 sermonis,
1343 2865 1482 2938 qnoniam
1497 2866 1678 2939 aqunGraece
1693 2874 1758 2939 neap
1772 2882 1822 2922 vo-

119 2957 190 3020 b'nde
204 2956 378 3030 intelligens
400 2959 500 3012 sancta
521 2956 585 3027 ejus
608 2955 733 3028 genitrix
743 2955 806 3024 Jam
822 2957 939 3024 tempus
994 2958 1087 3008 catur.
1097 2953 1238 3017 Quoniam
1248 2959 1345 3011 aulem
1354 2956 1515 3012 secundum
1526 2955 1758 3028 purificationem
1769 2953 1821 3011 Ju-

119 3063 174 3103 osae
186 3047 323 3121 perlecta
334 3043 438 3114 atatis,
453 3060 511 3116 quo
523 3061 575 3117 per
588 3042 731 3100 miracula
741 3043 872 3116 seipsum
883 3042 938 3097 Do·
994 3041 1123 3097 deorum
1138 3040 1238 3114 posita
1253 3043 1429 3110 referuntur,
1441 3043 1559 3100 traditio
1569 3044 1695 3100 habebat
1710 3043 1822 3116 Judae-

120 3136 222 3194 minum
237 3135 355 3192 mundo
376 3134 579 3200 innotesceret,
596 3137 624 3189 ct
647 3149 705 3208 non
722 3131 800 3188 illius
819 3130 938 3203 loseph,
994 3147 1071 3196 rum,
1094 3134 1123 3186 et
1146 3131 1272 3186 manime
1296 3130 1520 3200 Pharisaorum,
1537 3137 1570 3187 ut
1585 3133 1614 3187 in
1639 3132 1777 3189 conviviis
1791 3137 1821 3188 et

120 3226 162 3282 scd
181 3226 227 3283 Dei
237 3227 271 3282 et
282 3224 381 3281 Mariae
396 3221 519 3296 virginis
534 3223 711 3291 crederetur,
725 3222 783 3278 ait:
800 3244 814 3271 ιι
830 3219 938 3276 Vinum
955 3210 976 3276 C
995 3217 1106 3292 nuptiis
1117 3234 1261 3274 vasacum
1272 3235 1349 3292 aqua
1359 3219 1546 3288 haberentur,
1556 3224 1675 3294 propter
1688 3221 1822 3294 puriilca·
1849 3295 1854 3308 θ

119 3323 168 3370 non
182 3314 335 3374 hahent»
349 3311 549 3385 spiritualiter
559 3315 657 3368 autem
673 3311 807 3367 veniente
817 3308 941 3366 Domino
996 3307 1104 3364 tionem
1127 3309 1307 3377 iudeorum,
1332 3308 1375 3365 vel
1398 3307 1571 3366 lavationem
1597 3327 1751 3377 manuum,
1776 3309 1820 3366 vel

121 3405 150 3458 ad
165 3403 296 3478 nuptias,
312 3403 413 3460 vinum
430 3401 544 3470 deiecit,
560 3399 630 3474 qnia
653 3415 770 3456 meraca
792 3399 842 3455 illa
857 3397 940 3472 legis,
968 3426 981 3436 -
996 3397 1139 3470 quidquid
1149 3402 1361 3454 necesseesset.
1373 3396 1512 3464 Quodille
1521 3397 1683 3455 Phariaene
1692 3399 1721 3454 in
1732 3383 1822 3456 Dran-

120 3493 234 3565 aprisca
248 3509 305 3550 sua
315 3492 456 3548 suavitate
466 3489 655 3547 etdnlcedine
665 3488 842 3562 desipuerat.
853 3483 942 3553 Quasi
994 3485 1071 3560 gello
1080 3487 1200 3555 indicat,
1211 3487 1260 3560 qui
1269 3488 1367 3560 ipsum
1376 3487 1486 3544 iontem
1495 3487 1655 3561 aquaviva
1663 3487 1820 3544 Dominum

122 3582 191 3639 enim
204 3584 311 3639 unum
326 3578 425 3654 sapuit
439 3579 484 3636 lex
507 3579 690 3653 temporibus
715 3577 817 3652 Moysi,
841 3578 940 3645 Josue,
996 3576 1207 3649 reprehendere
1218 3593 1309 3633 ausus
1322 3582 1377 3643 eat,
1388 3593 1479 3650 quare
1499 3593 1557 3634 non
1571 3581 1649 3634 esset
1661 3576 1740 3634 lotus
1755 3581 1822 3634 ante

121 3671 258 3730 Samuelis
269 3669 410 3731 etDavid.
422 3675 451 3726 ct
461 3673 631 3726 ceterorum
647 3668 696 3740 qui
712 3685 777 3725 eam
793 3667 941 3723 intellexa·
996 3665 1152 3738 prandium
1166 3667 1260 3738 (liar-c.
1275 3667 1336 3738 ιιι).
1349 3666 1404 3723 Sed
1415 3665 1554 3739 quiajam
1564 3669 1682 3740 tempus
1692 3666 1824 3722 instabat

121 3763 388 3818 runlettenuerunt.
397 3757 463 3815 Jam
473 3775 540 3815 vero
549 3762 680 3830 tempore
691 3773 749 3830 quo
762 3756 902 3814 Dominus
910 3757 940 3812 in
994 3757 1028 3810 ut
1043 3753 1092 3810 ille
1109 3753 1158 3827 qui
1175 3755 1263 3810 homo
1277 3773 1371 3828 purus
1385 3754 1547 3825 videbatur,
1563 3773 1648 3813 verus
1664 3755 1741 3812 Deus
1757 3770 1822 3812 esse

122 3843 940 3923 mundoappnruit‚superstitiosus[l’.,superstitlonibusl
994 3843 1205 3909 ostenderetur,
1222 3847 1299 3900 recte
1314 3844 1518 3918 subjungitur:

122 3934 941 4004 phariseorumexcrescentibus,eiahamorcDeiiudaeo-
1030 3954 1044 3982 a
1060 3931 1134 3988 Dicit
1147 3929 1299 3989 cichsus:
1326 3933 1447 4006 impleto
1472 3933 1589 4008 hydrias
1612 3951 1697 4006 aqua.
1714 3934 1750 3990 ut
1764 3933 1822 3990 im·

123 4043 177 4084 rum
192 4027 314 4104 populis
328 4025 564 4102 frigescentibus,
581 4024 751 4096 abantiquo
766 4040 819 4080 suo
836 4039 940 4096 sapore
998 4039 1009 4068 ι
1026 4019 1176 4093 piaverunt
1186 4023 1381 4094 casusqnead
1394 4039 1553 4079 summum.
1573 4045 1587 4074 ιι
1602 4022 1708 4086 Quaein
1719 4023 1821 4079 vinum

122 4111 939 4186 deiecerat,sioutDominusludaeisimproperandodiait:
994 4125 1139 4164 converse
1154 4113 1234 4166 sunt.
1250 4111 1285 4165 lit
1299 4109 1417 4182 quidem
1434 4114 1546 4183 poterat
1556 4111 1699 4168 Dominus
1714 4128 1821 4169 vacuas

124 4226 135 4252 ιι
143 4204 194 4261 l'os
206 4205 278 4264 estis
288 4205 338 4278 qui
347 4203 505 4276 reliquistis
514 4202 687 4258 mandatum
696 4201 746 4258 Dei
759 4205 875 4274 propter
884 4204 941 4257 tra-
993 4197 1113 4271 hydrias
1128 4197 1249 4270 implere
1264 4198 1341 4268 vino,
1366 4200 1506 4271 quoniam
1528 4205 1685 4272 antequam
1710 4205 1819 4268 essent,

122 4291 239 4354 ditiones
253 4299 366 4350 vestras
377 4293 478 4366 (Marsa.
494 4291 564 4364 χιιι).
578 4313 592 4343 ιι
609 4291 691 4359 Quod
707 4294 804 4347 aulem
821 4290 863 4348 ait
877 4307 939 4346 ma·
994 4287 1102 4342 creavit
1115 4303 1150 4343 ex
1165 4285 1265 4358 nihilo,
1283 4287 1333 4344 sed
1345 4287 1583 4360 prinsjussiteas
1595 4289 1716 4361 implere
1732 4305 1819 4362 aqua,

123 4383 158 4437 ter
170 4381 240 4440 iesu
255 4382 292 4440 ad
303 4398 371 4440 eum
385 4398 391 4436 :
403 4404 418 4432 ιι
431 4379 539 4436 Vinum
556 4395 614 4436 non
631 4379 749 4447 habent,
759 4403 772 4430 ιι
783 4397 837 4436 vox
848 4379 938 4453 Syna.
994 4379 1023 4432 et
1038 4376 1079 4432 sic
1099 4376 1240 4431 convertit
1255 4375 1284 4431 in
1300 4373 1420 4444 vinum;
1438 4375 1507 4448 quia
1522 4376 1641 4433 veniens
1657 4394 1714 4432 non
1731 4375 1820 4432 aliam

123 4485 192 4545 gage
207 4477 249 4530 est
262 4471 412 4528 Christum
429 4470 464 4526 ad
481 4467 623 4526 miracula
637 4469 831 4542 provocantis.
993 4463 1277 4539 legemdedit,quam
1285 4478 1337 4538 per
1346 4481 1461 4520 servum
1469 4481 1556 4522 suum
1565 4466 1682 4539 Moysen
1690 4465 1818 4533 dederat,

153 4584 165 4611 ιι
181 4559 253 4618 Dicit
267 4561 293 4617 ei
308 4561 410 4618 iesus:
422 4557 497 4626 Quid
508 4557 581 4614 mihi
592 4561 620 4614 ct
631 4557 695 4626 tibi,
711 4557 862 4614 mulieri»
876 4557 938 4614 Non
954 4555 1044 4648 Dsed
1073 4553 1169 4627 ipsam
1193 4552 1385 4627 spiritualiter
1410 4553 1637 4628 interpretando,
1659 4555 1689 4612 in
1714 4555 1820 4611 melius

124 4650 262 4719 putandus
275 4649 471 4708 esiDominus
484 4647 676 4704 inhonorasse
689 4651 825 4714 matrem,
836 4647 885 4720 qui
893 4648 941 4720 ju·
995 4643 1194 4713 commutarit,
1207 4643 1276 4716 quio
1286 4642 1467 4716 spiritualem
1476 4643 1710 4718 intelligentiam,
1719 4644 1819 4717 quain

124 4735 940 4812 bethonorarepureutes,sedlllialtioraquarcniiquam
995 4732 1166 4801 calciabat,
1189 4733 1313 4806 aperuit,
1338 4732 1416 4790 sicut
1439 4732 1502 4808 ipsc
1526 4733 1567 4790 ait
1591 4735 1620 4791 in
1645 4733 1819 4807 Evangelio:

125 4825 477 4896 solabumnnitashabeat,
494 4826 530 4883 ad
545 4825 684 4882 virtutem
695 4824 860 4881 Divinitatis
875 4842 942 4881 con·
995 4821 1085 4878 «Non
1100 4821 1166 4878 veni
1192 4821 1301 4879 solvere
1324 4821 1430 4895 legem,
1453 4823 1503 4879 sed
1529 4820 1689 4894 adimplere
1709 4821 1818 4892 (itania

125 4915 322 4988 templandam,
335 4915 513 4989 eiusmentis
523 4913 623 4971 oculos
634 4912 804 4971 sublevavit.
816 4913 888 4970 hosi
899 4913 941 4969 di·
993 4911 1033 4983 v).
1052 4933 1065 4962 ιι
1080 4911 1167 4974 Quasi
1179 4927 1247 4985 ergo
1262 4909 1455 4985 spiritualiter
1467 4927 1574 4984 aquam
1590 4911 1619 4966 in
1633 4911 1735 4966 vinum
1751 4927 1819 4966 con·

126 5009 204 5062 caret:
222 5027 235 5056 ιι
251 5006 325 5072 Ouid
337 5003 515 5061 humanitati
536 5011 592 5061 tum
608 5019 674 5060 cum
692 5001 843 5076 miraculo,
860 5001 939 5077 quoti
993 4999 1215 5072 vertit,quando
1227 5003 1387 5072 postauam
1396 4999 1648 5069 resurrectionem,
1659 5015 1724 5055 eum
1736 4999 1822 5056 disei-

127 5095 230 5166 quaris,
245 5113 403 5154 commune
418 5099 473 5163 est,
484 5109 551 5151 cum
566 5093 689 5150 virtutes
705 5094 819 5166 operari
835 5093 939 5150 divina
994 5089 1072 5162 pulis
1086 5087 1252 5156 ambulans,
1265 5086 1377 5160 aperuit
1388 5089 1430 5144 eis
1440 5105 1571 5160 sensum,
1584 5093 1616 5145 ui
1626 5087 1821 5162 intelligerent

126 5181 229 5241 viantis
244 5186 330 5243 sitia
345 5208 406 5235 -a
422 5183 558 5240 Nondum
573 5183 653 5239 venit
667 5181 740 5239 hora
755 5199 829 5240 men.
847 5205 861 5233 ιι
877 5183 939 5249 Quo
994 5180 1168 5252 Scripturas.
1185 5177 1221 5234 lit
1240 5177 1384 5250 incipiens
1399 5195 1415 5234 a
1431 5177 1530 5252 Moyse
1548 5183 1577 5235 et
1592 5177 1751 5254 prophetis,
1775 5177 1822 5232 in-

128 5271 211 5342 rerbo,
222 5292 279 5330 non
289 5275 364 5332 hora
374 5272 469 5330 fatalis
481 5273 524 5344 (ut
533 5271 661 5328 haretici
675 5269 839 5344 voluerunt)
852 5271 940 5344 signi·
992 5265 1273 5341 terpretabaturillis
1283 5266 1448 5340 Scripturas
1459 5267 1488 5325 in
1499 5268 1636 5325 omnibus
1648 5267 1755 5340 quande
1770 5265 1820 5328 illo

130 5357 227 5432 ficetur,
243 5365 294 5422 scd
308 5364 381 5421 hora
397 5362 553 5436 passionis.
564 5363 604 5418 hc
619 5362 644 5418 si
659 5361 786 5418 dicaret:
802 5360 938 5417 Nondum
993 5362 1084 5414 amnt.
1101 5357 1141 5413 De
1156 5357 1241 5429 cnjus
1256 5355 1432 5414 suavissimo
1447 5361 1535 5432 gustu
1553 5361 1669 5414 tantum
1685 5355 1822 5432 inebriaty

129 5451 196 5507 renit
207 5451 445 5528 borapassionis,
462 5467 594 5526 quarere
607 5449 793 5508 manifestem
807 5448 940 5522 qnidhu-
993 5451 1072 5516 sunt,
1088 5451 1122 5502 ut
1133 5450 1234 5519 postea
1248 5445 1397 5504 dicerent:
1415 5471 1428 5498 ιι
1447 5447 1548 5526 Nonne
1564 5450 1758 5504 cornostrum
1772 5461 1818 5502 ar-

131 5541 240 5598 manitns
250 5543 354 5616 possit,
364 5558 453 5618 quam
464 5545 534 5599 exta
544 5541 779 5616 assumpsimus
788 5539 939 5597 boratunc
993 5538 1066 5596 dens
1088 5539 1151 5592 erat
1164 5535 1195 5591 in
1211 5536 1296 5594 nobis
1313 5561 1327 5588 ιι
1343 5536 1379 5594 de
1391 5536 1472 5608 Jesu,
1490 5560 1504 5588 ιι
1521 5537 1591 5594 dnm
1606 5535 1776 5610 loqueretur
1788 5532 1819 5590 in

131 5625 233 5708 inpleta
247 5635 300 5704 est,
317 5632 435 5710 quando
448 5630 580 5710 pandens
592 5631 621 5690 iu
632 5645 728 5707 cruce,
745 5629 835 5694 dixit:
849 5651 863 5686 ιι
874 5629 938 5690 Mn·
992 5625 1086 5699 viaet
1096 5625 1221 5704 aperiret
1231 5625 1316 5690 nobis
1327 5627 1577 5708 scripturasque.
1588 5625 1717 5706 auruli»
1728 5619 1820 5698 Spiri-
