4018 6178
83 319 117 382 Al
704 321 880 387 llOllllLlAE
901 321 952 384 bu
974 321 1176 390 TEMPORE.
1751 323 1790 389 SS

84 455 207 532 cepisse,
222 451 311 531 quasi
327 452 378 530 qui
392 455 457 532 ejus
471 453 559 517 saluti
575 458 713 533 prodesse
722 461 849 532 possent,
860 474 913 514 nec
926 460 955 527 A
968 457 1128 518 Ecclesiam
1144 458 1234 518 savit.
1246 458 1327 528 Quod
1343 463 1441 518 eutem
1457 462 1524 533 post
1537 457 1651 518 obitum
1670 459 1793 520 Herodis

82 547 197 604 vellent.
208 547 916 621 insuperetiamtamemsitimqueintolerabilem
971 566 1045 624 puer
1054 549 1142 606 lesus
1157 550 1192 606 ad
1209 553 1316 606 terram
1333 549 1423 607 lsrael
1432 553 1476 607 est
1485 566 1628 619 reversus,
1636 550 1793 625 signilloat,

85 635 261 693 sustinebat.
278 637 314 692 ιιι
329 637 407 710 quod
433 637 552 711 gravius
572 641 644 706 crat,
668 635 765 693 omnis
789 637 873 694 cibus
888 640 918 693 et
971 638 1041 712 quia
1056 639 1132 695 circa
1146 639 1235 695 linem
1250 637 1349 696 seculi
1364 640 1400 694 ad
1415 654 1593 714 synagogam
1609 643 1654 696 est
1668 656 1796 698 reversu-

85 731 167 800 potus
181 725 214 782 in
239 726 393 783 fastidium
413 726 440 782 ei
466 730 537 782 erat.
564 725 803 784 lnsomuietatem
826 723 916 782 talem
972 745 1034 797 rus,
1049 745 1116 784 cum
1132 727 1429 800 perpraedicaticnem
1441 727 1508 783 tiliae
1523 732 1551 784 et
1565 726 1704 785 llnochiu
1728 745 1796 786 eum

86 814 260 882 sustinebat,
277 818 310 871 ut
330 815 394 871 dies
418 819 577 888 noctesque
607 814 763 889 pervigiles
786 815 915 901 duceret·
971 817 1159 874 crediderint.
1177 817 1258 873 Unde
1278 833 1343 874 cum
1359 818 1512 890 AEgyptum
1530 817 1635 874 deterri
1656 818 1797 890 jubeatur

87 905 163 971 Quod
180 904 326 976 siparum
342 903 539 960 obdormisset
554 903 915 982 phantasmapatiebatur,
970 910 1000 963 ct
1012 907 1123 981 lugere,
1150 907 1204 964 hoc
1224 907 1254 962 in
1275 911 1357 963 noete
1380 906 1561 980 precipitur:
1587 923 1654 963 oum
1675 923 1743 964 vero
1758 909 1795 965 ad

85 999 115 1050 ul
127 1011 158 1050 se
173 992 361 1050 obdormisse
376 993 537 1066 poeuiteret.
553 993 610 1049 Sed
624 1010 690 1049 cum
707 993 799 1050 nimio
815 1009 915 1050 amore
969 997 1078 1052 terrum
1094 995 1183 1052 lsrael
1198 997 1362 1061 revertitur,
1378 1012 1432 1052 nec
1442 995 1536 1052 noctis
1550 997 1582 1051 lit
1597 996 1795 1070 mentiozquie
1826 1033 1828 1036 -

86 1082 235 1158 praesentis
246 1083 313 1138 vitae
327 1085 474 1151 estuaret,
486 1082 578 1154 jussit
592 1099 623 1138 se
637 1083 742 1139 deferri
756 1086 837 1138 trans
852 1083 914 1139 Jor·
969 1100 1043 1156 quos
1059 1103 1137 1142 nunc
1153 1089 1269 1158 propter
1283 1084 1518 1142 incredulitatem
1533 1085 1562 1140 in
1578 1085 1706 1144 tenebris
1715 1088 1795 1144 dese-

87 1173 199 1240 ducem,
217 1171 267 1228 ubi
284 1175 368 1228 crunt
380 1188 462 1244 aqum
476 1170 587 1243 calida,
599 1187 662 1244 quc
677 1170 913 1246 etiamlanguen-
969 1173 1016 1241 rit,
1033 1174 1111 1231 circa
1125 1175 1213 1230 linem
1229 1173 1328 1230 saeculi
1344 1174 1494 1231 eredentes
1509 1174 1539 1230 in
1554 1175 1650 1232 lucem
1666 1177 1733 1232 fidei
1750 1193 1792 1232 re-

88 1261 163 1317 tibus
178 1259 371 1318 medicabiles
385 1260 570 1316 dicebantur.
587 1260 643 1316 Sed
660 1275 726 1332 quea
746 1259 813 1317 aliis
825 1259 912 1318 utiles
967 1263 1063 1338 cipiet.

88 1355 175 1418 eraut,
191 1348 235 1404 illi
251 1347 326 1406 nibil
336 1348 519 1422 profuerunt,
537 1353 569 1404 ut
583 1348 757 1425 intelligeret
767 1365 798 1406 se
813 1349 913 1406 divina
1002 1377 1015 1404 ιι
1033 1355 1161 1410 Audiens
1176 1356 1274 1409 autem
1290 1353 1367 1426 quod
1383 1353 1538 1411 Archelaus
1553 1355 1725 1428 regnaretiu
1739 1355 1791 1412 lu·

90 1439 193 1496 ultione
209 1455 276 1495 esse
292 1454 477 1510 percussum.
493 1437 597 1494 Visum
612 1438 700 1494 etiam
714 1439 769 1494 luit
778 1438 910 1506 medicis,
966 1466 980 1494 «
997 1444 1060 1499 dau
1073 1439 1125 1516 pio
1140 1441 1251 1500 Herode
1271 1447 1352 1514 patre
1367 1460 1431 1511 suo,
1457 1443 1556 1499 timuit
1574 1442 1623 1499 illo
1639 1443 1690 1501 ire.
1710 1467 1724 1494 ιι
1738 1446 1791 1500 Ar-

90 1533 118 1582 ut
131 1527 158 1583 in
174 1528 341 1584 lomentum
356 1525 412 1583 olei
427 1526 515 1600 tepidi
542 1543 609 1583 eum
624 1527 811 1600 deponerent.
829 1529 910 1594 Quod
966 1531 1084 1590 chelaus
1100 1535 1199 1588 autem
1214 1547 1291 1587 unus
1302 1530 1358 1586 luit
1370 1530 1616 1604 deHerodisfiliis,
1628 1549 1716 1606 quem
1726 1539 1793 1607 post

90 1634 149 1673 cum
164 1615 272 1672 luisset
285 1614 449 1689 ingressus,
460 1615 602 1672 itatotum
612 1617 791 1689 corpusejus
802 1616 910 1674 resolu·
967 1637 997 1678 se
1008 1621 1045 1678 ad
1057 1622 1241 1694 regnandum
1256 1621 1286 1676 in
1301 1619 1404 1676 Judaea
1418 1619 1545 1677 Herodes
1559 1621 1791 1689 instituerat,sed

90 1709 144 1762 tum
159 1703 281 1771 dieitur,
297 1708 329 1760 ut
339 1703 427 1761 etiam
438 1703 550 1762 oculiin
557 1703 778 1762 similitudinem
787 1705 911 1762 morien·
966 1714 1067 1782 postea
1077 1708 1790 1782 insolentiamejusaccusantibusJudaeis,judicic

90 1795 156 1852 tium
180 1797 381 1864 versarentur,
406 1792 652 1850 intercluderetur
671 1809 736 1866 vox,
761 1799 790 1850 et
805 1811 910 1852 sensus
966 1802 1087 1855 senatus
1102 1797 1179 1872 apud
1194 1798 1348 1863 Viennam,
1374 1815 1437 1870 quae
1463 1797 1623 1854 Galliarum
1649 1801 1789 1870 esturbs,

91 1883 207 1940 abesset.
219 1883 254 1938 ιιι
268 1897 336 1938 cum
350 1881 910 1955 postpaululumamicorumetlamulo·
965 1887 1067 1944 exsilio
1084 1886 1240 1961 relegatus,
1257 1887 1347 1944 vitem
1372 1887 1474 1944 finivit.
1497 1887 1657 1944 Archelaus
1680 1893 1789 1956 autem

91 1989 147 2028 rum
160 1971 287 2029 vocibus
296 1969 444 2028 excitatus
457 1987 579 2028 sensum
593 1971 760 2045 recepisset,
773 1967 865 2044 jus’sit
880 1990 911 2029 se
966 1975 1788 2051 quivincensleoiuterpretatur,Antichristumsignisseat.

92 2063 187 2118 deterri
203 2059 333 2118 Jericbo.
349 2060 911 2134 Cumquejamdesuevitadesperatus
965 2065 1019 2131 Oui
1036 2065 1071 2122 ad
1099 2071 1217 2137 tempus
1245 2065 1275 2119 in
1300 2065 1411 2120 sanctis
1435 2065 1585 2121 victoriam
1616 2065 1744 2137 habebit,
1760 2071 1790 2124 et

90 2155 170 2223 esset,
185 2166 291 2207 omnes
314 2149 461 2224 principes
483 2147 653 2206 iudeorum
668 2166 702 2206 ex
722 2149 847 2223 singulis
867 2152 910 2208 ci·
964 2154 1050 2228 quasi
1064 2153 1109 2209 leo
1123 2152 1262 2210 terribilis
1276 2151 1437 2226 apparebit.
1455 2153 1486 2208 ln
1500 2153 1581 2210 illam
1593 2171 1660 2228 ergo
1676 2159 1788 2228 partem
1877 2147 1881 2154 ’

89 2240 224 2298 sitatibus
237 2242 268 2295 et
280 2236 410 2296 castellis
424 2239 460 2295 ad
476 2255 507 2296 se
523 2243 705 2308 convocatos,
730 2238 762 2295 in
777 2239 910 2296 custodia
965 2261 1024 2317 qua
1035 2242 1176 2316 regnabat
1189 2239 1358 2310 Archelaus,
1370 2241 1479 2316 loseph
1495 2259 1562 2298 oum
1578 2259 1667 2315 puero
1683 2243 1725 2300 ire
1737 2261 1788 2301 no·

90 2328 194 2386 retrudi
204 2327 310 2402 jussit.
325 2328 499 2400 Vocansque
513 2344 644 2386 sororem
659 2345 745 2385 suam
761 2329 908 2397 Salomon,
964 2331 1029 2399 luit,
1046 2333 1116 2404 quia
1129 2332 1159 2386 in
1175 2329 1257 2386 illam
1273 2335 1386 2404 partem
1396 2331 1788 2404 populiludaeorum,quoin

90 2423 114 2476 et
125 2419 221 2476 sirum
236 2418 302 2491 ejus
313 2417 435 2474 nomine
448 2415 657 2487 Alexandrum,
674 2416 762 2474 dixit:
774 2417 844 2474 Novi
857 2417 908 2474 lu·
963 2420 1176 2479 Antichristum
1193 2419 1340 2476 creditura
1354 2425 1408 2489 eet,
1425 2417 1713 2493 Christusperfidem
1731 2439 1788 2478 non

89 2510 157 2565 deos
172 2509 209 2565 de
224 2523 290 2564 mea
303 2509 398 2564 morte
405 2506 568 2580 gavisuros,
576 2505 822 2564 sedbcnorabiles
831 2523 909 2564 exse·
963 2510 1117 2568 habitabit.
1135 2510 1203 2566 Post
1217 2526 1318 2566 necem
1335 2511 1432 2566 autem
1448 2508 1581 2565 Archelai
1602 2507 1736 2567 Christus
1752 2512 1788 2569 ad

91 2599 165 2672 quies
180 2597 291 2654 babere
313 2601 413 2668 potero
430 2611 465 2653 ex
480 2595 601 2668 planctu
627 2595 802 2668 lugentium,
818 2595 842 2651 si
857 2613 908 2652 vos
963 2604 1071 2658 terram
1087 2597 1173 2656 lsrael
1196 2597 1358 2663 revertitur,
1384 2597 1453 2670 quia
1467 2601 1534 2671 post
1557 2597 1788 2656 interiectionem

92 2687 155 2744 meis
171 2683 324 2743 volueritis
338 2683 617 2759 parerepraceptis,
634 2689 667 2740 ut
682 2701 749 2740 mox
772 2700 840 2740 cum
855 2700 908 2758 ego
961 2687 1133 2745 Antichristi
1150 2687 1342 2761 synagogein
1365 2703 1432 2742 cum
1457 2687 1604 2743 creditura
1626 2692 1680 2757 est,
1702 2692 1734 2744 ut
1749 2689 1789 2744 ait

92 2776 219 2850 spiritum
234 2773 417 2841 exhalavero,
433 2789 535 2830 omnes
560 2771 705 2847 principes
728 2772 908 2842 ludaeorum,
961 2777 1132 2851 Apostolus:
1163 2799 1178 2826 ιι
1195 2775 1266 2832 Cum
1295 2775 1446 2848 plenitudo
1470 2775 1602 2848 gentium
1627 2776 1787 2846 intraverit,

94 2882 157 2937 quos
172 2865 204 2920 iu
220 2863 355 2920 custodia
370 2861 910 2934 reclusi,interficiatis.Sicquefiut,ut
962 2871 1032 2923 tunc
1047 2865 1144 2922 omnis
1159 2865 1248 2922 lsrael
1262 2863 1361 2920 salvus
1375 2864 1575 2938 llet(ltcm.x1).
1586 2887 1600 2916 »
1617 2865 1671 2922 Sed
1681 2865 1787 2938 quiain

94 2954 134 3028 qui
148 2955 183 3011 de
199 2969 268 3010 mea
282 2955 375 3008 morte
390 2951 784 3025 gauderecupiunt,suorum
800 2951 908 3008 civium
962 2953 1091 3012 Ecclesia
1106 2953 1786 3024 manetetmanebit,audiamusubihabitaverit.

94 3043 233 3102 uectum
248 3040 349 3115 lugere
363 3043 514 3114 cogantur.
532 3041 566 3096 ut
576 3056 612 3096 ne
625 3040 661 3095 ab
671 3055 773 3096 eorum
788 3040 908 3113 sangui·
998 3067 1012 3095 «
1029 3043 1062 3098 m
1076 3041 1245 3099 admonitus
1260 3042 1289 3096 in
1302 3041 1585 3107 somnis,secessitin
1601 3047 1698 3116 partes
1713 3043 1788 3100 Guli-

95 3133 132 3189 nis
143 3130 285 3190 cllusioue
300 3145 421 3186 menum
437 3127 909 3202 retraherent,singulisquinqus-
965 3155 979 3185 ιι
995 3131 1065 3198 ιιι,
1082 3135 1111 3186 et
1125 3131 1245 3187 veniens
1259 3128 1401 3186 habitavit
1415 3127 1445 3184 ia
1460 3129 1576 3187 civitate
1592 3147 1656 3202 que
1668 3136 1788 3188 vocatur

94 3239 171 3296 genas
185 3218 300 3292 argenti
315 3218 471 3275 drachmas
486 3217 796 3290 darijussit.Cumquc
809 3217 909 3275 dolore
924 3193 946 3262 C
966 3245 981 3276 ιι
996 3219 1147 3278 Nazareth.
1165 3241 1179 3268 ιι
1195 3218 1268 3285 Ouia
1279 3218 1358 3274 enim
1373 3217 1514 3274 Nazareth
1532 3219 1582 3288 llos
1598 3219 1658 3274 sive
1680 3221 1788 3292 otrpot-

94 3309 194 3386 ingenti
214 3307 446 3382 angustiaretur,
473 3305 661 3380 Antipatrum
686 3306 780 3363 filium
810 3323 909 3376 suum,
964 3321 1024 3369 lem
1037 3310 1253 3382 interpretatur,
1269 3306 1415 3380 significat
1430 3305 1599 3374 Ecclesiam,
1616 3324 1678 3380 qua
1695 3312 1724 3364 et
1739 3309 1788 3366 llo-

96 3397 511 3473 quemquasidenecepaterna
522 3398 696 3452 tractantem
706 3394 907 3454 vinculis'reli-
965 3418 1026 3457 rem
1041 3399 1130 3456 habet
1146 3395 1307 3464 munditias,
1324 3399 1353 3451 et
1361 3395 1680 3468 virgultumvirtutum.
1696 3397 1787 3470 Cujus

95 3484 484 3562 gaserat,jussitinterilcerc
497 3501 530 3542 co
543 3484 729 3558 quodaudita
742 3485 806 3556 ejus
818 3489 911 3542 morte
963 3487 1082 3563 virgulti
1107 3484 1358 3560 pulchritudinem
1384 3484 1587 3540 admirabatur
1610 3485 1742 3558 Sponsus
1757 3485 1787 3542 in

95 3577 202 3652 gavisus
217 3573 909 3644 nuntiaretur,lamverotantiamalisobsessus,
964 3577 1091 3635 canticis
1116 3575 1308 3642 canticorum,
1333 3573 1446 3630 dicens:
1465 3596 1479 3622 ιι
1496 3574 1563 3638 Qua
1586 3578 1631 3631 est
1654 3573 1711 3632 ista
1725 3592 1790 3649 quae

96 3667 199 3740 Aquis
212 3664 349 3722 sevivere
363 3680 421 3720 uon
436 3679 523 3736 posse
532 3666 716 3737 cognoverat,
732 3667 855 3719 mortem
866 3679 911 3719 ac·
964 3665 1097 3723 ascendit
1111 3660 1790 3738 perdesertum,sicutvirgulalumiexaromati·
1886 3660 1893 3671 '

95 3756 210 3812 celerare
224 3751 370 3827 cupiebat.
387 3751 469 3810 Unde
477 3750 657 3825 quadamdie
670 3767 737 3807 cum
744 3751 909 3808 resedisset.
965 3756 1021 3812 bus
1036 3752 1161 3828 myrrha
1176 3756 1205 3808 et
1219 3750 1326 3818 thuris,
1343 3753 1372 3804 et
1386 3749 1514 3806 universi
1523 3750 1650 3823 pulveris
1659 3752 1789 3826 pigmen-

93 3845 172 3916 jassit
186 3843 243 3902 sibi
259 3841 323 3898 dari
337 3857 470 3914 pomum,
481 3845 510 3896 et
524 3841 561 3897 ad
569 3841 633 3913 ejus
639 3840 842 3913 purgationem
849 3839 910 3915 glu·
965 3843 1031 3901 tarii
1046 3845 1136 3912 (Cant.
1152 3841 1211 3903 ivl‘l
1225 3862 1239 3890 ιι
1257 3839 1309 3894 Cui
1324 3837 1431 3894 iterum
1443 3854 1511 3894 voce
1533 3839 1638 3912 Sponsi
1663 3839 1785 3897 dicitur:

96 3933 179 3988 dium.
192 3932 327 4003 Cumque
340 3945 430 4002 super
443 3929 595 3986 sinistram
610 3929 802 3998 recubuisset,
819 3929 910 3986 ictum
967 3955 981 3984 ιι
996 3933 1056 4006 Ego
1069 3931 1123 3987 llos
1137 3928 1243 4001 campi,
1261 3925 1398 3984 etlilium
1414 3925 1589 3984 convallium
1604 3929 1695 3998 (Cant.
1711 3930 1754 4000 u).
1774 3953 1787 3980 n

97 4020 217 4078 ferientis
231 4020 263 4076 in
278 4018 410 4093 seipsum
425 4017 552 4091 libravit,
576 4034 665 4091 seque
690 4018 806 4092 propria
821 4035 911 4075 manu
965 4023 1000 4079 Ει
1015 4021 1084 4094 quia
1098 4017 1227 4075 Ecclesia
1241 4018 1277 4073 de
1292 4013 1443 4088 presentis
1457 4014 1522 4071 vitm
1536 4032 1636 4073 amore
1651 4018 1687 4073 ad
1703 4016 1787 4075 eoele-

97 4109 240 4182 percussit,
257 4113 346 4181 atque
361 4107 460 4164 statim
475 4106 565 4164 vitam
581 4107 695 4164 linisset
721 4105 778 4162 nisi
793 4123 913 4164 unusex
966 4113 1009 4167 ste
1023 4107 1201 4165 desiderium
1217 4105 1331 4169 transit,
1339 4103 1510 4160 recteetiam
1518 4103 1658 4161 Nazareth
1665 4105 1788 4162 Galilaeae

98 4198 190 4256 amicis
204 4199 256 4272 qui
272 4196 395 4255 vicinior
405 4195 911 4268 astabat,Acbiabuornine,manum
966 4198 1085 4265 dicitur,
1102 4213 1165 4268 que
1180 4194 1388 4262 trorumiprctio
1401 4193 1619 4266 interpretatur.
1640 4194 1720 4258 Ouod
1737 4211 1788 4250 au·

98 4301 156 4343 cum
171 4286 267 4362 gladio
280 4285 460 4343 retraxisset.
470 4283 803 4359 TalcmigiturHerodes
811 4284 913 4341 babuit
965 4291 1025 4344 tem
1041 4284 1186 4342 subdidit:
1203 4305 1217 4332 ιι
1234 4281 1271 4337 Ut
1285 4279 1496 4352 adimpleretur
1518 4281 1596 4353 qued
1611 4281 1721 4336 dictum
1745 4283 1790 4336 est

97 4373 913 4450 imm,quiproptchalvatorieodium,multumsangui·
969 4399 983 4428 ιι
999 4393 1050 4450 per
1065 4373 1232 4448 propbetas,
1263 4369 1402 4441 quoniam
1426 4369 1579 4426 Nazaraeos
1600 4368 1788 4427 vocabitur.»

97 4477 157 4519 cem
171 4463 285 4521 luderet
298 4461 463 4519 innoxium.
967 4465 1026 4522 Hoc
1041 4458 1255 4523 testimonium,
1271 4461 1304 4512 ut
1319 4455 1456 4524 diximus,
1468 4457 1496 4512 in
1505 4456 1790 4531 Septuagintainter·

129 4574 142 4600 ι
156 4551 215 4615 Ouo
230 4551 380 4618 defuncto,
396 4565 462 4607 ecee
476 4548 598 4624 angelus
613 4550 727 4606 Domini
744 4550 850 4607 iterum
862 4567 912 4624 ap·
927 4563 951 4630 D
968 4551 1100 4628 pratibus
1116 4567 1172 4605 non
1189 4544 1486 4603 habetur.Nonnnulli
1500 4545 1577 4603 enim
1593 4546 1790 4621 delsaiaepro·

97 4661 109 4684 v
124 4640 216 4711 paruit
230 4641 261 4696 in
276 4639 390 4697 somnis
399 4639 506 4713 loseph
514 4638 544 4695 in
553 4639 685 4714 AEgypto,
696 4639 911 4714 dicene:Surge
966 4643 1059 4716 pheta
1075 4639 1148 4694 libro
1163 4639 1315 4708 sumptum
1330 4650 1394 4692 esse
1408 4632 1520 4702 volunt,
1529 4635 1577 4691 ubi
1585 4635 1788 4709 scriptumest:

97 4747 111 4774 a
124 4731 150 4781 ct
164 4728 260 4800 accipe
275 4743 401 4801 puerum
416 4729 444 4783 et
459 4730 582 4784 matrem
598 4729 672 4800 ejus,
688 4731 717 4783 et
735 4728 808 4784 vade
818 4728 847 4784 in
858 4732 913 4784 ter·
969 4755 981 4782 ιι
999 4730 1081 4787 liniet
1094 4727 1176 4800 virga
1190 4727 1225 4782 de
1240 4725 1336 4781 radice
1350 4723 1441 4791 lesse,
1458 4728 1486 4779 st
1502 4724 1554 4780 llos
1568 4725 1604 4780 de
1619 4725 1715 4781 radice
1727 4725 1791 4797 ejus

98 4833 183 4872 «ram
200 4817 298 4874 lsrael.
316 4816 450 4873 Defuncti
473 4822 554 4873 sumt
568 4815 646 4872 euim
670 4816 720 4889 qui
746 4817 915 4889 querebant
967 4817 1105 4876 ascendet
1118 4817 1185 4884 (lac.
1211 4812 1259 4873 ιιι).
1280 4836 1293 4860 ιι
1308 4813 1366 4868 Nos
1390 4816 1488 4869 autem
1513 4810 1649 4880 dicimus,
1678 4812 1790 4885 quiesi

97 4925 108 4952 ι
125 4905 249 4963 animam
264 4905 361 4979 pueri.
375 4904 430 4972 Qui
443 4921 634 4978 consurgens,
656 4905 769 4978 accepit
790 4921 913 4978 puerum
968 4908 1058 4963 lixum
1074 4904 1109 4960 de
1124 4901 1283 4974 Scripturis
1298 4899 1446 4973 posuisset
1460 4899 1645 4974 Evangelisla
1660 4899 1789 4957 testimo-

97 4999 148 5048 ιιι
162 4998 285 5051 matrem
299 4995 377 5067 ejus,
391 4997 421 5051 et
435 4991 663 5050 venitinterram
673 4992 772 5050 lsrael.
785 4994 914 5066 »Elquia
969 4996 1063 5060 nium,
1080 5008 1138 5048 non
1154 4990 1263 5046 diceret
1274 4988 1440 5063 prophetas,
1467 4987 1517 5044 sed
1534 5005 1584 5060 per
1607 4988 1790 5062 prophetem.

95 5093 150 5136 uon
163 5082 245 5153 dixit,
270 5083 440 5150 deluuelus,
465 5081 516 5138 sed
541 5081 681 5153 defuncti,
698 5097 732 5138 ex
746 5081 794 5137 his
818 5081 914 5155 angeli
967 5084 1076 5141 Omnes
1089 5079 1167 5136 enim
1182 5077 1330 5153 propbeta
1345 5074 1500 5132 Dominum
1508 5077 1791 5144 Nazareumvocant,

95 5170 186 5228 serbis
212 5172 418 5246 intelligimus,
445 5170 554 5228 multos
577 5170 723 5245 principes
746 5169 914 5227 Judacrum
969 5173 1039 5247 quia
1054 5173 1188 5228 sanctum
1204 5183 1272 5224 eum
1286 5165 1454 5239 pradicant.
1471 5170 1536 5240 lpse
1552 5166 1792 5239 eslenimdequo

98 5271 160 5314 cum
175 5261 285 5319 llerode
300 5259 330 5318 iu
356 5277 427 5317 nece
449 5259 565 5316 Domini
588 5259 786 5316 consensisse:
807 5263 836 5316 et
850 5259 915 5317 ideo
970 5277 1021 5335 por
1036 5257 1185 5316 Danielem
1201 5254 1307 5310 dieitur
1323 5255 1402 5323 (Dan.
1419 5256 1472 5323 1x):
1490 5277 1503 5304 «
1517 5256 1588 5310 Cum
1604 5251 1713 5310 venerit
1723 5253 1793 5309 San-

98 5343 189 5406 divina
200 5349 312 5408 ultione
328 5352 430 5406 actum
445 5353 500 5415 est,
514 5353 548 5404 ut
563 5347 648 5405 multi
664 5365 698 5405 cx
721 5347 850 5405 hiscum
866 5347 916 5406 illc
971 5353 1035 5406 ctus
1051 5349 1230 5409 sanctorum,
1247 5341 1374 5398 cessabit
1388 5342 1497 5400 unctio.
1516 5365 1530 5392 ιι
1547 5343 1692 5399 Etbuvid:
1712 5341 1793 5398 «Nou

94 5437 225 5508 perirem,
240 5456 311 5497 cum
327 5453 388 5511 quo
402 5437 433 5494 in
458 5453 527 5494 nece
554 5437 670 5493 Domini
696 5441 915 5494 consenserant.
972 5436 1055 5494 dabis
1071 5430 1793 5506 Sanctumtuumviderecorruptionemll’cct.xv).n

92 5521 284 5596 Spiritualiter
298 5543 369 5586 vero
385 5526 624 5595 obitusHerodis,
637 5525 796 5582 terminum
809 5525 918 5599 signill-
972 5528 1006 5582 Ει
1020 5525 1140 5588 iterum,·
1158 5542 1172 5570 ιι
1190 5519 1299 5576 Scitote
1315 5519 1454 5591 quoniam
1471 5520 1638 5579 mirificavit
1651 5520 1794 5576 Dominus
1858 5547 1862 5556 ·

90 5619 133 5672 cst
147 5617 298 5680 invidiose
315 5615 512 5676 contentionis
528 5633 587 5690 qua
602 5632 680 5673 nunc
703 5615 803 5672 ludera
817 5619 919 5673 contra
974 5615 1113 5672 Sanctum
1125 5627 1213 5668 suum
1230 5610 1316 5676 (Prot.
1333 5611 1381 5678 iv).
1400 5632 1413 5658 ιι
