3872 6168
72 355 116 418 tut
322 405 324 410 ,
651 345 828 412 llOlllLlAE
849 345 901 410 uu
922 343 1124 410 TEMPORE.
1679 349 1739 416 102

70 479 288 552 Dominuscrnvit,
298 479 455 540 sdradiess
462 479 681 540 montisoliveti
691 483 772 549 tune,
782 495 860 537 nunc
874 477 901 548 Α
916 475 1445 552 ιιιιιιιιριιιιιίιο.11ιιιιιιιοιιιιιιιι,
1458 495 1547 554 quam
1557 484 1642 540 suern
1652 481 1743 543 dane

68 570 769 644 aeclesiadcsuperadificata.Interpretaturautem
776 569 860 626 Getb·
914 568 984 642 quia
996 573 1031 626 ut
1053 569 1141 626 homo
1165 569 1295 642 suscepit
1317 568 1469 626 tristitiam
1485 585 1592 637 meam,
1608 574 1641 628 ut
1654 572 1743 632 bomo

67 663 158 722 sensui
167 661 239 718 collis
249 661 408 732 pinguium,
421 658 700 732 sivepiopuedtncm.
710 659 859 726 Quisvero
913 656 1030 715 locutus
1044 661 1099 726 est,
1114 661 1143 714 et
1156 658 1238 714 ideo:
1255 681 1269 709 ι
1283 658 1345 714 Non
1359 658 1435 714 siout
1447 675 1502 732 ego
1515 658 1590 729 volo,
1605 657 1657 716 sed
1667 660 1745 718 sicut

65 770 111 810 non
124 750 207 808 solum
220 749 296 806 diota
308 747 353 806 vel
366 765 454 822 opere
469 747 637 816 Salvatoris,
654 765 755 805 verum
770 749 859 806 etiam
912 747 1008 802 tuuis.
1017 769 1031 796 ι
1043 750 1102 804 Mea
1116 745 1298 814 esttristitia,
1311 762 1400 819 quam
1412 763 1476 804 meo
1488 747 1741 821 suscepitsilectu.

63 842 113 899 loca
125 839 163 895 vel
176 843 309 910 tempora,
325 837 356 893 iu
382 835 490 910 quibus
504 841 643 910 operatur
664 841 692 893 et
716 836 857 910 loquitur,
913 834 988 908 llrgo
1001 850 1053 909 pro
1069 851 1116 892 me
1137 833 1244 902 doluit,
1262 834 1312 908 qui
1327 851 1379 907 pro
1395 853 1426 892 ss
1440 835 1515 892 nibil
1535 836 1640 894 habuit
1662 839 1742 912 quad

62 927 179 1002 mysticis,
190 929 219 982 ut
228 925 421 998 sepedictum
431 929 486 992 est,
496 925 779 999 suutpleualrguris,
791 943 859 982 eum
913 922 1040 979 doleret:
1053 929 1081 979 ct
1091 928 1272 998 sequestrata
1281 923 1472 981 delectatione
1482 924 1649 984 Divinitatis
1663 931 1743 984 aber·

62 1019 84 1074 iu
97 1019 181 1072 monte
194 1017 253 1070 orat
279 1012 429 1082 Dominus,
447 1014 533 1086 quasi
548 1014 637 1070 tacite
651 1030 705 1070 nos
721 1014 860 1070 admonet
913 1027 967 1080 nae,
984 1012 1069 1068 tauto
1081 1027 1151 1069 meae
1166 1012 1347 1070 inllrmilatis
1362 1013 1498 1070 allicitur.
1515 1035 1530 1064 ιι
1547 1014 1653 1072 Tristis
1667 1019 1740 1088 aab»

61 1101 861 1175 sublimiutaniumoraudoinquirl,etprocaelestibusbc·
913 1099 1020 1172 inquit,
1037 1101 1167 1160 «anima
1181 1117 1275 1174 usque
1290 1102 1326 1158 ad
1350 1106 1485 1160 mortem.
1503 1123 1517 1154 ι
1532 1104 1595 1160 Non
1622 1107 1742 1179 propter

61 1195 96 1251 ais
108 1190 253 1266 supplicari
263 1190 379 1248 debere.
391 1192 426 1246 ut
435 1208 503 1247 cum
513 1191 543 1247 in
554 1191 630 1250 valle
640 1195 713 1259 orat,
725 1195 754 1248 et
763 1191 818 1250 hoc
829 1191 858 1248 iu
914 1192 1038 1246 mortem
1052 1189 1146 1248 tristis
1159 1195 1205 1248 eet
1217 1190 1370 1262 Dominus,
1385 1191 1455 1264 quia
1465 1207 1532 1248 eum
1541 1193 1669 1250 conditio
1679 1191 1742 1251 cor·

61 1279 861 1354 vallepingulum,sivepinguedinisipsiusaequeinsinuat
912 1278 1022 1351 poralis
1035 1280 1168 1348 allectus,
1185 1296 1243 1336 nnn
1259 1278 1383 1338 lormido
1402 1280 1505 1337 mortis
1520 1281 1650 1339 attondit.
1666 1283 1740 1340 Nam

61 1371 126 1427 uobis
139 1369 328 1427 humilitatem
343 1367 374 1424 in
389 1369 582 1439 orationibus,
597 1373 626 1426 et
638 1368 789 1426 inmterna
798 1368 860 1441 pin-
914 1365 985 1438 quia
999 1384 1106 1440 corpus
1130 1368 1269 1441 suscepit,
1286 1367 1385 1424 omnia
1405 1369 1507 1426 debuit
1532 1386 1595 1443 quae
1608 1367 1743 1444 eorporis

59 1457 861 1534 gaudinamdilectionisesseservandamNequevidelicet
913 1458 993 1521 sunt,
1006 1459 1039 1512 ut
1055 1456 1190 1524 esuriret,
1205 1456 1309 1528 sitiret,
1325 1461 1490 1530 angeretur.
1506 1458 1739 1530 contristaretur,

58 1546 292 1620 transfluminum
313 1546 427 1618 jactare
440 1563 495 1603 sua
514 1547 617 1603 merita
641 1546 671 1602 in
692 1546 859 1619 exemplum
913 1543 1056 1600 Divinitas
1070 1549 1167 1601 autem
1183 1547 1357 1602 commutari
1367 1562 1419 1618 per
1433 1546 1487 1602 hos
1501 1547 1595 1604 nescit
1607 1550 1740 1607 allectus.

58 1635 170 1693 Pharisaei
193 1635 389 1708 superbientia
414 1635 532 1702 audeat,
553 1635 624 1707 quin
640 1635 739 1707 potius
753 1633 859 1690 humili
948 1653 962 1682 ιι
979 1634 1127 1690 Sustinete
1142 1633 1200 1702 hie,
1223 1637 1252 1690 et
1265 1633 1393 1705 vigilate.
1409 1635 1445 1692 ur
1458 1651 1526 1691 cum
1550 1637 1742 1708 processisset

56 1741 149 1780 vocem
171 1727 267 1780 mente
287 1722 469 1799 proclamet:
501 1745 515 1774 ιι
531 1723 617 1792 Deus,
642 1722 775 1796 propitus
797 1727 859 1780 esto
913 1743 927 1772 ιι
940 1720 1104 1793 paululum,
1119 1722 1244 1795 procidit
1255 1735 1344 1796 super
1353 1727 1495 1780 terram.»
1508 1724 1581 1790 Ouia
1592 1727 1739 1800 pracepit:

55 1811 254 1886 nibipeceaturl
265 1811 341 1881 (Lac.
353 1814 444 1880 xvnr).
458 1832 472 1862 ι
483 1811 523 1868 Ne
533 1810 649 1868 aridum
667 1828 684 1867 a
700 1811 856 1868 dilectione
913 1831 928 1860 v
944 1809 1090 1868 Sustinete
1107 1811 1155 1867 bic
1165 1816 1194 1867 et
1206 1811 1335 1886 vigilate,
1350 1833 1365 1864 o
1381 1829 1438 1868 non
1449 1829 1467 1868 a
1480 1824 1583 1870 somno
1594 1815 1738 1887 probibet,

55 1899 156 1974 proximi
168 1915 216 1957 cor
228 1903 361 1974 gestans,
376 1900 412 1956 ad
429 1898 602 1972 placandam
617 1900 673 1958 sibi
693 1898 858 1956 Conditoris
912 1899 996 1970 eujus
1012 1902 1129 1972 tempus
1144 1917 1202 1956 non
1213 1904 1275 1956 erat
1286 1900 1459 1958 imminente
1469 1901 1648 1971 discrimine,
1659 1905 1741 1960 seda
1850 1905 1855 1911 '

56 1988 859 2062 gratiamgenulleotat:juxtaaum,quicentumdenarios
913 1987 1739 2062 somuoinlidelitatisetcorporisetmeutis.Datoantorn

55 2077 128 2147 tratri,
142 2093 212 2149 quos
230 2076 289 2134 sibi
305 2077 440 2143 debebat,
457 2076 605 2134 dimittere
620 2075 733 2144 nolens,
758 2078 858 2134 decem
913 2076 956 2132 eis
971 2080 1123 2150 precepto,
1141 2081 1174 2133 ιιι
1188 2077 1369 2134 sustinerent
1391 2077 1604 2153 vigilarentque
1627 2097 1738 2150 ascum,

55 2165 126 2222 uillis
139 2165 244 2223 talama
257 2165 317 2222 sibi
332 2165 485 2224 anomino
500 2165 610 2226 trustra
624 2165 799 2238 precabatur
813 2180 858 2220 re·
913 2162 1067 2238 paululum
1082 2165 1236 2239 procidens
1247 2167 1305 2222 ruit
1314 2169 1345 2223 in
1360 2167 1462 2225 lactem
1477 2185 1572 2238 suam,
1583 2173 1613 2226 at
1624 2169 1741 2226 hnmili-

54 2253 114 2310 nittl
127 2253 228 2324 (Uadi.
243 2258 327 2323 xvrn)
337 2271 345 2310 t
355 2254 579 2327 nejejunumsb
588 2253 859 2311 amoreGonditoris
912 2257 1004 2310 tatem
1019 2255 1127 2312 mentis
1139 2255 1242 2314 habitu
1256 2256 1356 2314 carnis
1369 2257 1506 2314 ostendit.

55 2343 269 2415 pectusbabens,
287 2341 462 2415 temporalia
477 2341 614 2415 qualibet
629 2342 728 2414 potius
750 2342 780 2396 in
794 2359 859 2398 ora-
951 2363 965 2392 «
980 2343 1015 2398 llt
1029 2343 1131 2399 orabat
1158 2346 1201 2414 ut,
1217 2343 1242 2400 si
1262 2343 1325 2400 dori
1353 2348 1461 2417 posset,
1490 2346 1628 2404 transiret
1656 2347 1692 2404 ab
1707 2361 1741 2404 ee

55 2431 123 2500 tione,
133 2447 217 2504 quam
228 2431 296 2502 ejus
306 2431 450 2490 visionem
465 2430 604 2502 requirat,
620 2431 860 2488 annumerandus
915 2453 929 2482 ιι
943 2429 1025 2499 bora,
1042 2432 1152 2488 etdixit
1163 2449 1170 2488 ε
1182 2433 1264 2488 Abba
1278 2433 1372 2499 Pater,
1393 2433 1494 2490 omnia
1511 2435 1565 2492 tibi
1590 2435 1743 2508 possibilia

55 2518 76 2574 in
89 2519 133 2587 eis,
145 2521 179 2578 de
194 2519 307 2592 quibus
317 2517 359 2576 ait
372 2519 434 2592 ipsc
446 2536 452 2574 :
465 2542 480 2570 ιι
493 2518 566 2586 Quia
575 2523 745 2592 receperunt
755 2534 862 2574 merce·
915 2541 929 2571 ιι
946 2525 1025 2587 sunt,
1042 2520 1168 2578 transfer
1183 2519 1304 2578 calicem
1317 2521 1395 2578 huno
1408 2539 1425 2579 a
1441 2539 1497 2578 me.
1506 2545 1520 2573 ι
1536 2524 1610 2590 Quid
1621 2528 1685 2580 erat
1694 2524 1744 2582 illa

55 2607 191 2664 demsuam
207 2607 314 2682 (Mettis.
328 2607 379 2680 vr).
392 2630 407 2658 ι
419 2607 480 2666 lmo
490 2606 598 2680 quippe
608 2606 814 2680 cogitationem
831 2607 860 2663 ln
914 2625 978 2676 vox,
991 2608 1048 2665 nisi
1059 2626 1151 2666 sonus
1162 2608 1344 2666 infirmitatis
1354 2614 1459 2667 nusum
1469 2611 1483 2666 ‘l
1493 2611 1575 2668 Multi
1590 2613 1687 2670 adbuc
1702 2613 1744 2670 in-

55 2696 249 2754 rcbusterrenis
259 2713 381 2770 penore,
393 2693 617 2768 quidestuliud,
629 2697 861 2768 quamquaedam
916 2697 994 2754 llrmi
1009 2697 1224 2754 contristantur
1245 2697 1344 2754 lutura
1359 2701 1464 2769 morte,
1479 2700 1531 2756 aad
1556 2699 1685 2757 babeant
1699 2717 1744 2758 rs-

54 2785 289 2844 ariditas'mentis‘l
299 2784 354 2850 Oui
366 2782 789 2843 autemintcllectucoelastium
797 2786 862 2858 jam
916 2790 996 2842 ctum
1012 2803 1071 2853 cor,
1087 2787 1179 2842 vitent
1198 2789 1322 2842 mortem
1339 2790 1484 2859 quantum
1501 2792 1636 2860 possunt,
1652 2787 1703 2845 sed
1719 2789 1744 2846 si

54 2879 196 2944 persancte
208 2873 359 2932 desideria
373 2874 402 2932 in
419 2873 556 2946 superuis
566 2871 862 2930 delectationibusio·
917 2891 974 2932 non
986 2874 1223 2948 possunt,dicont
1232 2875 1381 2947 quodipso
1390 2876 1542 2944 Dominus,
1554 2891 1611 2932 non
1626 2881 1746 2951 propter

54 2961 106 3018 tine
114 2951 499 3036 pascuntur,quasilargiori
506 2961 646 3018 alimento
654 2961 861 3035 pinguescunt.
917 2980 959 3031 se,
972 2965 1023 3020 sed
1040 2967 1157 3037 propter
1172 2979 1226 3020 nos
1240 2963 1322 3020 dixit.
1338 2963 1413 3028 Ouid
1429 2964 1507 3020 anim
1523 2965 1607 3034 dixit,
1619 2987 1634 3016 ιι
1649 2959 1742 3035 Pater,

54 3049 98 3107 llac
109 3052 180 3108 enim
193 3050 377 3126 pinguedine
392 3048 521 3124 saginari
536 3049 694 3106 Psalmiste
708 3048 863 3121 concupis·
917 3051 1016 3110 silleri
1028 3057 1133 3124 potest,
1148 3055 1279 3108 transeat
1292 3069 1310 3107 a
1325 3068 1372 3108 me
1380 3052 1645 3111 calixistetallcce
1654 3053 1748 3112 babet

55 3145 170 3208 rutrum
193 3142 355 3198 dicabat:«
371 3139 453 3194 Sicut
474 3138 561 3211 adipe
575 3142 604 3194 et
627 3136 804 3210 pinguedine
818 3153 862 3193 re·
916 3141 1096 3198 voluntatem
1110 3139 1271 3196 humanam
1295 3141 1442 3208 Christus,-
1463 3141 1530 3199 vide
1548 3139 1611 3216 jam
1630 3146 1743 3200 rectum

55 3227 148 3299 plcatur
162 3231 264 3287 aalma
278 3245 349 3285 mea
362 3229 447 3297 (Paul.
464 3227 541 3300 axvi).
555 3249 570 3278 ι
580 3229 729 3293 Quantum
743 3243 809 3282 vero
826 3226 861 3281 ad
878 3213 899 3280 C
919 3247 980 3290 cor:
994 3252 1008 3282 ι
1020 3230 1076 3286 Sed
1087 3245 1145 3285 non
1156 3229 1233 3302 quod
1245 3228 1380 3303 egovolo,
1392 3229 1443 3287 sed
1454 3229 1744 3303 quod-tuoNen‘ven'l

55 3315 129 3388 ipsum
140 3319 298 3376 Dominicis
311 3315 456 3390 passionis
467 3316 716 3389 dispensationem
726 3315 861 3388 pertinet,
916 3320 1021 3382 faeere,
1035 3317 1143 3390 inquit,
1159 3341 1173 3368 ιι
1189 3317 1369 3375 voluntatem
1386 3333 1493 3387 meam,
1506 3315 1744 3378 sedvolnntatem

55 3409 105 3476 apte
116 3407 292 3481 appropians
301 3405 390 3462 morti
401 3405 542 3463 Dominus
552 3403 583 3460 in
593 3403 666 3462 valla
676 3402 864 3478 pinguedinis
917 3408 1040 3480 ejusqui
1050 3405 1183 3464 memlsit
1193 3407 1284 3480 (Jooa.
1295 3407 1372 3479 vri.»
1383 3407 1473 3464 Suam
1483 3408 1748 3468 voluntatsmdixlt

56 3494 213 3568 caritonis
227 3511 280 3570 per
297 3488 402 3550 vallem
418 3491 605 3561 humilitatis,
615 3497 644 3550 at
654 3492 863 3566 pinguedinem
919 3513 1008 3570 quam
1023 3495 1224 3568 temporaliter
1238 3495 1367 3568 sumpsit
1379 3511 1415 3552 ex
1429 3495 1540 3571 virgine
1550 3514 1556 3553 :
1567 3497 1748 3556 voluntatem

55 3580 864 3658 claritatispronobismortemsubiit.«llumiliuviteuim
918 3585 1075 3656 veroejus,
1091 3583 1225 3657 quicum
1250 3583 1341 3651 misit,
1366 3599 1430 3640 eam
1457 3583 1593 3642 videlieet
1616 3585 1750 3661 signans,
1798 3599 1799 3604 ’

57 3670 863 3746 temetipsum,lactusobediensPatriusqueadmortcm,
920 3668 1752 3748 quamintemporalitereternuababuitcumPetreeom·

56 3765 156 3818 uorum
170 3767 270 3820 autem
282 3761 382 3818 crucis
392 3760 523 3833 (Philipp.
532 3762 577 3828 ιι).
590 3781 604 3810 ι
615 3760 800 3832 Etmajorem
811 3759 866 3816 hac
920 3779 1051 3819 munem.
1080 3761 1150 3818 Orat
1175 3760 1301 3818 transire
1325 3761 1455 3832 calicem,
1472 3766 1506 3818 ut
1524 3764 1658 3821 ostendat
1684 3776 1752 3821 vere

57 3846 215 3907 dilectionem
225 3867 316 3908 nemo
327 3849 427 3920 habet,
438 3865 527 3921 quam
539 3850 572 3903 ut
581 3848 711 3904 animam
721 3865 805 3906 suam
815 3864 865 3920 po·
921 3851 1027 3924 qulaet
1041 3851 1130 3907 homo
1139 3855 1200 3906 crat
1212 3867 1218 3905 :
1232 3850 1427 3908 reminiscens
1438 3856 1535 3910 autam
1546 3854 1755 3926 propterquod

58 3943 96 3991 rut
107 3939 168 4010 quis
182 3956 234 4013 pro
250 3936 359 3996 amicis
372 3935 437 3993 suis
452 3937 540 4010 (loca.
561 3936 617 4008 xv).
922 3940 1031 3996 missus
1043 3943 1096 4007 est,
1108 3938 1221 4011 perlicit
1230 3939 1479 4012 dispensationem
1490 3941 1526 3996 ad
1538 3953 1628 4014 quarn
1640 3941 1752 3999 missua

83 4049 93 4074 ι
103 4024 269 4086 Etassumit
284 4029 405 4084 Petrum
419 4028 448 4082 et
461 4024 604 4082 iacobum
619 4029 649 4082 ct
663 4025 805 4082 loannem
822 4041 867 4082 se·
921 4031 976 4097 est,
993 4031 1021 4084 et
1035 4027 1143 4084 elamat
1155 4044 1161 4082 :
1173 4051 1187 4078 ιι
1204 4028 1260 4085 Sed
1277 4043 1335 4083 non
1352 4029 1429 4100 quod
1445 4045 1498 4102 ego
1513 4028 1588 4101 volo,
1605 4031 1656 4086 sed
1672 4031 1751 4104 quod

59 4133 69 4158 ι
81 4129 145 4182 cunr,
155 4119 183 4172 et
196 4117 287 4190 caepit
298 4131 403 4189 pavere
417 4117 445 4172 et
454 4115 569 4170 tudere,
582 4115 617 4170 ut
627 4113 667 4170 ait
677 4113 750 4171 illis:
762 4112 868 4172 Tristis
922 4119 964 4172 tu.
977 4138 992 4166 ι
1005 4115 1036 4172 Si
1052 4115 1176 4172 moritur
1190 4131 1269 4171 mors
1286 4131 1332 4170 me
1348 4131 1406 4170 non
1418 4116 1571 4184 moriente,
1587 4115 1749 4174 seeundum

60 4209 117 4258 «est
125 4205 299 4262 animamea
307 4220 402 4278 usque
410 4203 447 4261 ad
456 4207 614 4260 mortem.»
621 4201 716 4259 Timet
723 4202 867 4272 Christus,
923 4221 1039 4262 carnem
1054 4202 1195 4270 videlicet,
1212 4207 1351 4267 transeat,
1369 4201 1420 4269 ait,
1444 4203 1527 4259 calix.
1558 4203 1663 4262 Verum
1679 4205 1750 4277 quia

61 4303 111 4346 cum
124 4293 221 4352 Petrus
237 4312 299 4352 non
317 4293 429 4350 timeat.
442 4291 577 4349 Christus
591 4291 687 4361 timet,
704 4292 807 4350 Petrus
822 4293 869 4349 di·
924 4309 981 4350 non
997 4291 1082 4348 aliter
1096 4291 1149 4348 boc
1167 4291 1227 4358 liet,
1243 4290 1302 4346 ait:
1327 4313 1341 4341 ιι
1353 4291 1416 4346 Non
1430 4291 1508 4362 quod
1530 4307 1583 4365 mo
1596 4291 1670 4360 valo,
1697 4293 1748 4349 aed

62 4377 248 4440 citzbuimam
274 4399 374 4440 meam
403 4397 546 4454 ponopro
567 4383 605 4436 te.
630 4380 763 4438 Christus
777 4381 868 4437 dicit:
924 4379 1183 4455 quodantenus
1202 4381 1301 4436 summ
1328 4378 1443 4436 Patrem
1467 4378 1616 4447 invocans,
1639 4378 1750 4456 duplici

61 4466 146 4525 trima
171 4487 237 4528 mea
262 4471 410 4529 turbatur.
442 4469 605 4541 Utrumque
633 4483 734 4526 verum
763 4473 818 4536 est,
842 4473 872 4526 et
925 4469 1043 4527 nomine
1057 4467 1139 4540 dicit,
1152 4468 1233 4524 Abba
1251 4469 1344 4537 Pater,
1363 4468 1516 4541 utriusque
1530 4467 1641 4542 populi,
1656 4473 1686 4527 et
1697 4471 1753 4528 lu·

66 4553 163 4625 planum
189 4565 353 4634 utrumque
381 4558 512 4615 ratione:
528 4558 605 4630 quod
621 4560 650 4613 et
677 4556 726 4614 ille
755 4559 805 4632 qui
828 4565 873 4614 est
888 4576 912 4641 ῃ
927 4561 1055 4616 deorum
1072 4557 1183 4614 scilicet
1197 4556 1280 4614 illurn
1301 4559 1330 4613 et
1343 4553 1497 4630 gentilium
1513 4557 1606 4615 Deum
1629 4570 1694 4616 essa
1719 4573 1755 4618 ao

66 4641 175 4716 interior,
197 4667 257 4706 non
282 4649 384 4705 timet:
410 4651 438 4703 et
457 4646 518 4716 ille,
533 4645 583 4718 qui
608 4649 653 4702 est
667 4646 809 4719 superior,
826 4663 875 4718 ge·
930 4647 1107 4708 salvatorem
1123 4645 1260 4702 ostendit.
1276 4646 1356 4702 ldem
1367 4661 1495 4718 namque
1513 4647 1599 4713 abba,
1625 4648 1702 4721 quod
1725 4651 1756 4704 et

66 4731 395 4794 rittimentisalleoturn.
413 4734 464 4792 llle
483 4735 561 4792 enirn
588 4735 671 4806 quasi
695 4735 793 4802 borno,
816 4735 875 4792 vim
930 4742 1013 4812 pater
1025 4735 1180 4809 significat,
1191 4734 1241 4792 sed
1253 4735 1329 4791 abba
1348 4735 1511 4803 Hebraeum,
1527 4738 1609 4808 pater
1623 4732 1756 4792 (tracum
1857 4793 1859 4800 ,

67 4826 153 4881 nortis
167 4827 303 4899 ignorat:
316 4827 372 4882 iste
387 4828 486 4882 autem
506 4823 591 4896 quasi
611 4823 687 4880 Deus
703 4825 733 4880 in
758 4839 877 4896 corpore
930 4831 975 4884 est
986 4825 1172 4883 stLatinum.
1184 4823 1220 4880 Ut
1235 4839 1303 4898 ergo
1318 4828 1476 4897 utrumque
1491 4822 1634 4898 populum
1649 4824 1679 4880 in
1689 4823 1757 4880 euin

67 4912 236 4984 constitutus,
258 4913 447 4988 fragilitatem
463 4912 561 4970 carnis
582 4911 710 4986 exponit,
727 4915 760 4968 ut
775 4927 876 4969 eorum
930 4911 1629 4986 crediturumnbutroquecuminvocundumesse
1644 4906 1762 4970 doceret

69 5000 474 5075 quisaeramentumabjurant
484 5001 704 5069 incarnationis,
714 5001 879 5058 excludere-
931 5007 1056 5076 utraque
1072 5001 1173 5076 lingua
1187 5019 1256 5058 eum
1280 5001 1393 5073 primus
1408 4999 1471 5074 ipse
1486 5001 1610 5058 invocat.
1637 4997 1702 5075 lpse
1716 5005 1762 5060 ost

70 5089 108 5142 tur
119 5087 258 5164 impietas.
286 5092 418 5166 lienique
432 5095 461 5148 et
474 5091 535 5147 bisc
551 5089 633 5154 dixit,
648 5097 677 5147 st
700 5090 879 5147 Manicbaeus
933 5093 1012 5150 eninr
1024 5093 1120 5148 bonus
1130 5089 1297 5163 pestor,qui
1308 5089 1648 5163 unimumsuatndatpro
1659 5089 1763 5148 ovibus

71 5179 883 5254 noncredidit,Valentinusnegavit,Marcionpbantssma
937 5181 1009 5252 suis,
1027 5196 1119 5236 unum
1135 5179 1170 5234 de
1181 5177 1297 5234 duobus
1309 5177 1447 5251 gregibus
1459 5175 1533 5235 ovile
1542 5178 1656 5252 perlicit
1666 5180 1763 5254 (loun.

68 5259 197 5331 judicavit.
210 5271 361 5328 Mentem
383 5267 747 5342 usquehominem,quem
763 5269 793 5326 in
807 5270 882 5327 veri·
936 5271 975 5344 x).
992 5271 1059 5326 ldeo
1072 5266 1226 5338 utriusque
1239 5265 1564 5338 vocegregisauxilium
1576 5268 1669 5325 Putris
1682 5268 1766 5343 dagi-

71 5353 120 5410 tetc
129 5359 256 5431 corporis
266 5358 499 5428 demonstrabat,
510 5357 645 5430 aequabat
654 5357 886 5414 allectuutdiee-
939 5364 990 5425 tat,
1008 5363 1040 5413 ut
1054 5372 1107 5412 nos
1131 5357 1256 5425 utroque
1270 5353 1402 5428 exemplo
1425 5355 1506 5412 illius
1530 5357 1691 5428 informati,
1716 5357 1771 5415 ubl·

72 5447 121 5498 rel:
136 5469 149 5497 ι
162 5448 216 5504 seu
244 5452 345 5506 tamen
362 5465 420 5504 non
445 5446 522 5504 sient
536 5461 588 5518 ego
603 5444 678 5512 volo,
694 5447 744 5503 sed
761 5447 838 5502 sicut
852 5451 885 5504 tu
940 5449 1059 5504 adversa
1078 5441 1232 5498 imminere
1247 5443 1440 5513 senserimus,
1456 5461 1509 5502 nos
1523 5447 1638 5503 Patrem
1662 5446 1772 5514 Deum,-

72 5528 116 5584 via.
128 5555 140 5582 ι
156 5536 293 5611 Suscepit
306 5553 372 5612 ergo
386 5536 566 5594 voluntatem
578 5549 686 5600 meam,
697 5535 826 5607 suscepit
838 5537 887 5592 tri-
942 5532 1051 5592 liobraei
1064 5531 1146 5588 Abba
1160 5529 1340 5601 invocantes,
1356 5550 1417 5590 una
1429 5534 1497 5591 fidei
1512 5538 1540 5591 et
1552 5533 1703 5591 charitatis
1718 5535 1772 5618 de-¹

74 5618 168 5680 ttitiam
181 5641 291 5684 meam.
309 5627 492 5684 Confideutec
510 5623 629 5682 nomino
642 5623 801 5694 tristitiam,
818 5626 889 5697 quia
941 5623 1056 5682 votione
1072 5618 1241 5694 presidium
1256 5619 1372 5680 coeleste
1383 5638 1557 5696 queramus.
1575 5622 1656 5678 Unda
1668 5623 1772 5676 doctor
