4018 6178
173 325 212 384 ra
384 297 386 302 ’
791 325 968 388 neurus
989 323 1040 386 ns
1062 325 1262 390 raucone.
1839 324 1880 390 sa

172 459 228 526 cxl.
246 481 259 504 »
272 457 433 516 Castellum
449 465 545 516 autem
569 460 603 515 nd
629 461 707 531 quod
732 459 900 524 mittuntur,
914 457 1039 526 juxtnA
1056 457 1240 534 Synngogam
1257 461 1477 534 praedicandum
1493 477 1542 518 eos
1568 459 1732 528 destinavit,
1757 461 1879 515 ‹ticons:

170 547 299 604 litteram
316 546 497 604 Hierusalem
507 545 654 602 civitatem
666 544 869 620 intelligimus,
879 562 932 603 nec
942 545 1000 602 oui·
1055 569 1069 596 α
1086 547 1118 604 ln
1132 547 1208 605 viam
1221 548 1353 624 gentium
1364 567 1401 606 ne
1411 549 1552 619 abieritis,
1560 553 1589 606 et
1599 549 1628 606 in
1640 548 1771 604 civitates
1781 547 1881 603 Sama·

169 652 261 708 qnam
277 637 441 693 absurdum
455 636 540 692 debet
554 634 657 702 videri,
674 635 698 692 si
714 636 785 692 urbs
801 634 881 709 regia
895 633 999 690 castel·
1054 635 1216 694 ritauorum
1233 656 1269 694 ne
1287 637 1477 708 intraveritis,
1494 639 1544 696 sed
1570 637 1671 712 potius
1693 636 1732 692 ito
1757 636 1791 691 ad
1815 651 1882 692 ovas

126 719 130 726 ’
167 724 232 781 lum
248 725 591 798 nominatur,quiausus
606 725 762 796 Scriptura
773 729 827 792 est,
841 723 999 796 aliqnando
1054 741 1119 796 quoe
1133 725 1281 797 perierunt
1295 729 1401 784 domus
1417 727 1506 795 lsrael
1531 728 1632 801 (hatte.
1649 725 1687 798 x).
1704 747 1718 775 a
1734 722 1822 788 Quasi
1845 723 1882 778 ad

167 813 324 874 metellum
339 832 392 888 pro
408 815 532 882 civitate,
545 817 574 869 et
587 812 734 870 civitatem
751 831 803 887 pro
819 811 938 868 castello
953 827 1000 867 vo·
1053 812 1168 886 pullum
1184 815 1401 888 misit,quando
1413 821 1574 890 postauam
1585 812 1828 871 resurrectionem
1839 810 1882 868 eis

166 919 244 960 care.
262 903 440 976 Spiritaliter
452 907 550 959 autem
564 902 717 958 castellum
734 903 770 958 ad
785 903 863 975 quod
881 902 1001 958 mittun·
1054 903 1308 976 pracepit,dicens
1321 922 1328 960 ε
1340 927 1355 956 a
1369 905 1477 962 dantes
1493 905 1521 960 in
1538 905 1684 962 mnndum
1700 899 1880 970 universum,

166 998 227 1060 tur,
244 993 390 1048 mundum
402 991 644 1065 significat,quod
657 995 758 1046 contra
770 1008 819 1047 eos
831 991 920 1046 luisse
931 990 1000 1045 dici·
1053 991 1153 1047 docete
1168 1009 1269 1049 omnes
1284 998 1396 1066 gentes,
1425 994 1610 1066 baptizantes
1634 1007 1683 1050 cos
1708 991 1745 1047 in»
1763 989 1881 1046 nomino

164 1086 225 1146 tur,
243 1081 313 1154 qnia
328 1081 358 1136 in
374 1080 492 1136 exordio
518 1078 733 1153 predicationis
750 1079 880 1136 mundus
896 1095 998 1134 eorum
1052 1081 1158 1148 Patris,
1174 1088 1202 1138 et
1218 1082 1290 1148 Filii,
1308 1087 1337 1138 et
1359 1082 1485 1155 Spiritus
1507 1083 1601 1140 sancti
1618 1081 1720 1152 (dietih.
1737 1081 1846 1148 xxvm).
1865 1101 1879 1128 a

164 1170 308 1226 doctrine
318 1173 442 1224 conatus
453 1173 497 1224 est
509 1168 655 1237 resistere,
666 1167 742 1224 sieut
754 1167 894 1240 apostolis
904 1166 998 1223 ludei
1052 1169 1124 1232 Ouid
1141 1185 1207 1225 vero
1224 1170 1402 1244 subjungit?

164 1259 305 1314 dixerunt
317 1274 324 1313 :
338 1279 352 1307 a
364 1257 404 1313 De
420 1260 499 1313 secta
514 1260 612 1312 autem
623 1257 678 1312 hac
689 1257 835 1324 novimus,
846 1257 923 1328 quod
935 1255 998 1312 ubi·
1089 1280 1103 1308 a
1118 1259 1153 1314 ut
1168 1259 1192 1314 si
1209 1260 1275 1331 quis
1291 1259 1399 1331 aliquid
1416 1260 1499 1316 vobis
1513 1259 1627 1326 dixerit,
1641 1259 1727 1316 dicite
1742 1257 1810 1330 quia
1829 1260 1878 1311 Do·

165 1363 223 1420 quc
238 1347 263 1402 ei
278 1344 490 1402 contradicitur
504 1347 572 1414 (Act.
589 1345 701 1416 xxviii).
720 1366 733 1394 a
751 1344 804 1412 Qui
820 1347 848 1400 et
859 1345 895 1401 ab
910 1362 997 1417 apos·
1052 1369 1067 1397 «
1083 1347 1182 1404 minus
1197 1347 1244 1402 his
1256 1365 1330 1420 opus
1340 1348 1438 1417 habet,
1447 1353 1476 1406 et
1485 1348 1640 1404 confestim
1651 1347 1780 1404 dimittet
1790 1363 1850 1402 eos.
1864 1367 1878 1394 a

164 1435 234 1490 telis
243 1433 470 1507 improperando
478 1432 635 1488 audierunt
645 1449 651 1488 :
662 1456 675 1483 a
685 1432 775 1488 Vobis
785 1432 905 1504 quidem
914 1449 996 1506 opor·
1050 1435 1110 1491 lloc
1118 1439 1163 1492 est
1171 1435 1248 1508 quod
1254 1436 1340 1508 juxta
1349 1437 1457 1493 Lucam
1466 1435 1676 1510 evangelistam
1685 1433 1878 1508 pullnsquem

161 1522 219 1579 tuit
235 1523 365 1596 primum
381 1521 461 1595 loqui
476 1521 598 1578 verbum
625 1521 685 1588 Dei,
702 1523 755 1578 scd
770 1521 839 1595 quia
856 1522 995 1594 repellitis
1050 1525 1186 1598 discipuli
1198 1525 1620 1592 sotvernnamultosdominos
1630 1524 1768 1580 habuisse
1777 1524 1878 1589 fertur,

162 1613 246 1681 illud,
265 1617 292 1669 ct
308 1613 445 1686 indignos
468 1627 519 1667 vos
540 1611 683 1682 judicatis
708 1615 820 1666 aeterna
835 1611 911 1679 vite,
929 1629 995 1667 ecce
1050 1615 1120 1686 qnia
1133 1614 1302 1670 ludaeorum
1319 1619 1347 1669 et
1363 1614 1496 1688 gentium
1508 1613 1633 1686 populus
1645 1629 1703 1669 non
1714 1611 1764 1667 uni
1777 1611 1878 1678 errori,

160 1701 361 1758 convertimur
371 1701 407 1756 ad
419 1703 521 1774 gentes
533 1701 601 1772 (Act.
613 1703 684 1766 rur).
697 1722 711 1749 »
722 1700 803 1764 Quod
816 1702 914 1755 antem
926 1701 995 1755 sub·
1049 1703 1100 1758 sed
1118 1702 1220 1758 multis
1236 1707 1297 1758 erat
1312 1703 1438 1759 deditus.
1451 1701 1566 1760 Domini
1583 1706 1679 1757 antem
1695 1700 1745 1773 qni
1760 1697 1879 1755 solertio-

156 1793 282 1866 jungit:
300 1813 314 1841 o
329 1789 365 1846 ut
380 1789 480 1846 statim
497 1788 649 1846 invenictis
664 1790 777 1846 asinam
799 1788 948 1864 alligatam
965 1793 994 1845 et
1010 1827 1032 1891 B
1049 1809 1114 1848 nem
1131 1791 1380 1860 contradicebant,
1391 1791 1539 1847 immundi
1556 1789 1677 1864 spiritus
1693 1792 1763 1846 sunt
1776 1786 1880 1846 intelli·

163 1903 177 1932 e
194 1878 311 1952 pullum
328 1895 395 1936 cnm
411 1895 456 1943 ea,
474 1877 574 1934 solvite
589 1883 617 1934 et
630 1878 766 1935 adducite
783 1877 866 1948 mihi,
883 1901 897 1928 a
909 1879 995 1951 juxta
1049 1880 1147 1953 gandi,
1166 1880 1216 1952 qui
1233 1881 1383 1951 quondam
1400 1880 1583 1952 tyrannidem
1600 1883 1665 1952 post
1681 1881 1830 1951 peccatum
1846 1876 1876 1931 in

158 1985 274 2026 morem
288 1967 443 2041 provincia
459 1965 601 2038 loquitur.
618 1966 695 2022 Usus
710 1965 787 2020 enim
806 1970 867 2022 erat
890 1965 993 2023 inillis
1048 1969 1178 2025 hnmano
1194 1985 1298 2042 genere
1313 1968 1369 2024 sibi
1387 1969 1584 2025 vindicabant.
1596 1968 1726 2039 Cumque
1741 1982 1793 2039 per
1807 1983 1878 2038 pra·

159 2058 342 2131 regionibus,
357 2061 385 2112 et
399 2056 428 2111 in
446 2054 572 2129 singulis
589 2054 757 2111 civitatibus
772 2054 816 2109 vel
832 2054 947 2122 aviculis,
961 2059 994 2110 ut
1048 2057 1224 2114 dicationem
1241 2056 1441 2130 apostolorum
1458 2075 1508 2113 eos
1523 2058 1559 2114 ad
1571 2057 1658 2112 fidam
1674 2054 1803 2112 converti
1818 2071 1878 2110 oer-

160 2148 264 2203 asinus
278 2144 323 2200 vel
339 2143 492 2216 quodlibet
514 2143 623 2200 animal
644 2143 679 2198 ad
696 2142 862 2198 sedendum
879 2147 992 2215 aptum,
1048 2146 1321 2210 nerent,dixcrunt:
1336 2145 1453 2218 thuid
1466 2144 1577 2202 solvitis
1587 2143 1723 2217 pullum?
1734 2141 1876 2210 Quoniam

158 2237 357 2309 praeparatum
374 2232 548 2300 baberetur;
562 2236 590 2287 et
600 2231 625 2287 si
638 2232 684 2288 cni
694 2241 734 2287 'ex
747 2231 861 2287 civibus
876 2249 993 2288 neccsse
1048 2234 1127 2290 omni
1143 2233 1240 2290 stridio
1256 2233 1352 2292 conati
1369 2238 1453 2290 orant
1467 2250 1568 2290 eorum
1585 2231 1789 2306 praedicatione
1805 2230 1877 2289 resi-

156 2324 348 2392 essetitinere
359 2321 447 2377 unius
459 2321 528 2389 dici,
537 2321 628 2395 hujus
639 2319 764 2376 vehiculi
777 2321 993 2377 sustentatione
1048 2323 1319 2390 stere,snscitantes
1330 2339 1413 2396 reges
1425 2327 1453 2379 et
1465 2328 1604 2397 tyrannos
1615 2322 1652 2380 nd
1662 2339 1762 2379 eorum
1777 2320 1878 2395 praedi-

156 2417 308 2470 nteretur:
322 2409 501 2468 habitatores
513 2415 611 2466 antem
627 2409 709 2466 urbis
724 2410 761 2466 da
777 2411 991 2466 sustentatione
1048 2413 1203 2478 cntionem,
1217 2427 1254 2468 no
1269 2429 1363 2484 genus
1383 2412 1550 2468 humanum
1565 2412 1601 2467 ab
1625 2427 1728 2468 eorum
1751 2409 1877 2467 vinculis

157 2502 287 2560 vehiculi
314 2499 511 2556 communiter
533 2499 711 2572 cogitabant.
737 2499 801 2555 Moe
827 2498 917 2571 igitur
939 2499 994 2556 iste
1048 2501 1217 2560 solveretur.
1235 2501 1290 2558 Sed
1307 2504 1462 2574 postquam
1479 2500 1615 2574 discipuli
1631 2499 1776 2568 dixerunt,
1790 2522 1803 2550 a
1821 2499 1878 2556 Do·

157 2589 370 2664 ttici-osolymis
385 2589 696 2660 servabatnr‚quando
709 2586 851 2643 Dominus
868 2587 994 2661 discipu·
1049 2591 1088 2647 mi
1094 2608 1149 2646 nus
1165 2589 1212 2646 his
1227 2606 1301 2663 opus
1317 2589 1437 2661 habet»
1450 2590 1603 2646 confestim
1619 2588 1795 2645 dimiserunt
1806 2604 1875 2644 ecs:

158 2681 205 2737 los
219 2695 290 2736 suos
304 2678 353 2734 illo
369 2677 460 2744 misit,
475 2676 596 2734 dicens:
614 2699 628 2726 κ
652 2676 686 2731 llt
708 2676 862 2743 invenietis
878 2676 991 2733 asinam
1048 2678 1117 2754 qnia
1132 2685 1288 2752 postquam
1304 2678 1373 2734 talia
1388 2679 1473 2752 signa
1483 2682 1512 2735 et
1523 2676 1795 2746 miracula‚scilicet
1810 2693 1877 2732 sus·
1935 2689 1940 2698 ·

159 2769 312 2843 alligatam
323 2772 350 2823 ct
361 2765 476 2840 pullum
485 2781 553 2822 cum
565 2781 608 2828 ca,
618 2786 631 2814 a
642 2768 695 2820 etc.
708 2763 884 2836 Spiritaliter
895 2770 992 2822 autem
1048 2769 1172 2826 citantes
1184 2771 1326 2836 mortuos,
1339 2772 1367 2824 ct
1378 2768 1415 2824 ab
1431 2767 1561 2824 hnmano
1574 2783 1693 2840 corpore
1705 2765 1875 2822 immundos
1908 2767 1914 2778 '

160 2875 213 2932 per
228 2858 345 2914 asinam
362 2872 426 2928 qnae
442 2853 554 2911 domita
567 2858 640 2921 erat,
662 2855 816 2927 Synagoga
837 2854 992 2927 figuratur,
1047 2857 1169 2930 spirItus
1184 2856 1370 2929 expellentes,
1382 2861 1411 2913 et
1425 2859 1528 2913 caetera
1543 2855 1729 2929 quamplura,
1739 2858 1772 2910 ut
1786 2871 1803 2910 a
1815 2852 1875 2910 Deo

164 2965 229 3021 qma
240 2948 316 3020 jugo
330 2944 403 3018 legis
419 2945 513 3001 iuerat
528 2947 684 3001 mansueta
699 2947 727 2998 et
742 2943 851 3010 attrita,
863 2945 892 2997 et
906 2944 936 2998 in
951 2943 992 3000 le·
1047 2945 1571 3020 cognoscerenturessamissi,ccacti
1583 2945 1772 3018 nolentesque
1781 2959 1876 3018 genus

163 3030 992 3112 galibuscaeramcniisobservandisedomita.Perpullum
1046 3035 1212 3090 humanum
1227 3033 1402 3106 relinquere.
1419 3034 1570 3091 Infirmata
1593 3038 1638 3092 est
1659 3039 1759 3091 autem
1781 3033 1875 3088 virtus

162 3143 233 3182 vero
248 3124 392 3182 lascivum
408 3127 436 3179 et
451 3122 638 3188 indomitum,
653 3121 703 3194 qui
715 3120 825 3192 absque
835 3121 925 3176 tranis
935 3121 992 3176 huc
1047 3121 1344 3191 daemoniorum,mox
1353 3125 1386 3177 ut
1396 3123 1468 3179 tides
1477 3122 1585 3178 Christi
1600 3121 1695 3194 patuit
1709 3138 1761 3195 per
1771 3121 1874 3194 pradi-

163 3216 297 3288 illucque
313 3212 504 3276 discurrebat,
521 3209 639 3284 gentilis
664 3208 788 3282 populus
810 3208 990 3282 designatur,
1007 3194 1029 3262 C
1048 3211 1191 3268 cntionem
1207 3193 1417 3285 apostolorum,
1429 3211 1458 3266 in
1469 3214 1585 3266 tantum
1601 3215 1634 3266 ut
1649 3210 1766 3266 illorum
1783 3208 1876 3264 mani·

164 3305 218 3378 qut
229 3299 396 3374 nullalegis
406 3300 538 3356 doctrina
548 3297 822 3364 constrictus,nulla
832 3297 882 3352 Dei
894 3296 997 3353 notitia
1051 3303 1105 3358 bus
1122 3301 1199 3357 idola
1213 3300 1442 3368 destruerentur,
1455 3317 1580 3373 quorum
1596 3302 1717 3372 sumptu
1732 3302 1760 3354 et
1774 3297 1874 3354 labore

164 3396 341 3458 instructus,
352 3390 494 3456 incertus,
506 3392 535 3445 et
549 3404 661 3452 errans,
679 3391 744 3460 post
759 3384 837 3443 idola
852 3403 995 3443 marumm
1049 3389 1166 3452 luerent
1180 3389 1329 3444 edificata.
1348 3389 1426 3446 Unde
1441 3393 1470 3445 et
1484 3405 1537 3461 per
1554 3388 1706 3445 obsessum
1723 3373 1875 3443 bomincln

163 3497 290 3538 suornm
305 3478 499 3535 currebat.De
515 3493 572 3549 qno
588 3476 660 3531 bene
674 3476 758 3546 juxta
773 3474 862 3531 alium
876 3493 996 3550 evange·
1050 3479 1172 3536 Domino
1189 3477 1325 3534 dixerunt
1341 3495 1347 3534 :
1365 3477 1440 3544 Quid
1452 3477 1537 3533 nobis
1552 3482 1581 3534 at
1595 3477 1659 3545 tibi,
1675 3475 1729 3533 Fili
1745 3475 1819 3531 Dcit
1833 3491 1877 3530 ve·

163 3571 266 3626 lislam
283 3567 410 3624 dicitur:
427 3589 441 3617 «
458 3567 552 3638 Super
565 3579 652 3637 quem
669 3563 768 3620 nullus
783 3563 938 3621 hominnm
954 3581 997 3621 se·
1051 3569 1120 3624 nisti
1135 3572 1202 3624 ante
1217 3571 1334 3640 tempus
1351 3571 1487 3638 torquere
1502 3583 1556 3622 nos
1571 3565 1661 3636 (datu.
1678 3563 1763 3637 vur)‘t

164 3661 220 3716 dit.
237 3682 251 3708 n
263 3656 434 3728 Quiasnper
443 3654 582 3729 gentilem
598 3652 739 3726 populum
757 3652 855 3709 nullus
871 3653 996 3727 prophe·
1087 3681 1100 3708 a
1117 3661 1176 3713 lIoc
1192 3659 1290 3712 autem
1307 3659 1401 3712 totum
1427 3655 1537 3711 lactum
1554 3659 1598 3712 est
1613 3638 1658 3711 nt'
1669 3652 1881 3728 adimpleretur

164 3755 277 3815 tarum,
294 3745 396 3802 nullus
410 3743 747 3818 patriarcharum,suam
760 3743 995 3816 pradicationem
1052 3769 1065 3798 a
1082 3747 1158 3820 qued
1175 3746 1287 3802 dictum
1303 3749 1348 3801 est
1364 3761 1416 3816 per
1431 3744 1604 3818 prophetam
1616 3741 1880 3801 dicentem:Dicite

165 3843 197 3896 et
211 3835 409 3893 cruditionem
425 3833 522 3890 adhuc
538 3836 714 3888 exercuerat.
727 3831 789 3887 Non
804 3831 900 3887 solnm
917 3831 996 3888 enim
1051 3860 1063 3886 a
1081 3835 1147 3890 ulie
1163 3835 1232 3891 Sion
1250 3852 1255 3889 :
1274 3835 1344 3890 liccc
1363 3850 1413 3889 rex
1427 3837 1499 3890 tuus
1514 3833 1592 3890 venit
1618 3833 1671 3890 tibi
1695 3835 1880 3898 mansuetus,

166 3928 254 3984 asina
268 3924 397 3998 alligata,
414 3922 465 3979 sed
482 3922 570 3978 etiam
592 3920 692 3994 pullus
714 3919 837 3975 inveniri
863 3921 971 3976 dicitur
988 3938 994 3977 ι
1051 3949 1064 3975 «
1082 3929 1110 3982 nt
1125 3924 1230 3980 sedens
1241 3939 1330 3996 super
1341 3922 1454 3980 asinam
1466 3920 1618 3994 etpnllnm
1632 3921 1727 3978 hlium
1739 3920 1882 3992 subjuga.

168 4016 240 4090 qnia
255 4029 313 4070 non
325 4012 420 4069 solum
436 4011 554 4086 gentilis
570 4009 764 4084 populus,sed
780 4009 868 4066 etiam
884 4008 996 4067 Jndaeo-
1051 4039 1064 4064 a
1080 4014 1127 4070 lis.
1141 4036 1154 4063 a
1169 4013 1277 4070 Morem
1294 4029 1382 4068 suum
1399 4011 1427 4066 in
1443 4011 1575 4068 hocloco
1591 4011 1875 4082 Mattheusevange-

169 4122 246 4172 rum,
259 4101 370 4176 peccati
383 4099 508 4156 vinculis
524 4103 586 4156 crat
600 4099 748 4166 astrictus,
759 4101 832 4154 teste
846 4099 994 4171 Apostolo,
1050 4103 1118 4159 lista
1128 4101 1293 4165 sementim
1305 4102 1384 4157 enim
1396 4101 1523 4157 Hebraeis
1534 4101 1653 4158 llebrac
1664 4115 1796 4156 sermone
1806 4095 1874 4153 scri·
1896 4149 1901 4164 ,

168 4195 218 4267 qni
236 4193 278 4248 ait
303 4192 332 4247 in
356 4189 486 4264 Epistola
508 4189 543 4244 ad
559 4189 705 4245 Romanos
722 4205 728 4241 :
746 4208 760 4237 α
781 4188 843 4242 Non
859 4187 996 4245 animast
1050 4193 1108 4266 psit
1122 4189 1311 4264 Evangelium
1322 4190 1491 4264 ubicunque
1502 4190 1598 4247 seloci
1610 4187 1813 4263 opportunitas
1825 4187 1873 4241 de-

168 4280 319 4340 distinctio
333 4279 428 4336 ludat
439 4276 693 4334 etGraeci.Omnes
704 4275 781 4332 enim
793 4282 994 4348 peccaverunt,
1050 4282 1103 4349 dit,
1119 4297 1203 4337 snam
1220 4279 1415 4336 narrationem
1435 4277 1508 4352 legis
1523 4282 1552 4334 et
1563 4277 1771 4350 prophetarum
1790 4273 1874 4329 testi-

167 4378 196 4430 ct
211 4375 299 4446 egent
313 4369 407 4443 gloria
423 4367 470 4424 Dei
486 4368 572 4440 (Rom.
588 4365 628 4438 x).
646 4389 659 4414 υ
675 4365 711 4422 ut
724 4365 831 4422 iterum
844 4383 850 4420 ι
865 4388 879 4416 «
894 4367 997 4423 Tribu-
1050 4368 1158 4426 moniis
1172 4367 1364 4424 confirmavit.
1385 4366 1467 4422 Unde
1489 4383 1556 4422 cum
1582 4365 1703 4420 dixisset
1717 4362 1875 4418 Dominum

167 4462 239 4518 latio
254 4465 284 4517 et
299 4457 438 4532 angustia
449 4456 479 4512 in
495 4472 613 4512 omnem
633 4455 761 4510 animem
777 4454 906 4511 bominis
926 4473 996 4530 ope·
1050 4458 1166 4514 misisse
1182 4454 1342 4528 discipulos
1354 4455 1390 4511 ad
1404 4453 1574 4512 solvendam
1584 4455 1700 4510 asinam
1710 4455 1739 4509 et
1749 4450 1876 4524 pullum,

168 4550 262 4608 rantis
278 4547 402 4615 malum,
418 4545 512 4602 ludai
529 4544 657 4618 primum
673 4548 702 4600 et
716 4544 805 4600 Greci
823 4545 907 4617 (Rom.
922 4549 962 4614 n).
980 4569 994 4599 »
1010 4567 1034 4631 D
1051 4547 1189 4604 continuo
1205 4545 1407 4602 testimonium
1424 4543 1570 4616 prophete
1587 4542 1734 4609 adhibuit,
1751 4541 1876 4597 dicens:

168 4641 204 4696 st
218 4641 294 4696 bcne
309 4636 391 4710 prius
406 4634 517 4692 solvere
532 4631 679 4707 pracepit,
688 4637 717 4688 et
728 4631 783 4688 sibi
794 4638 896 4706 postea
906 4635 996 4691 eddu-
1051 4661 1064 4688 a
1078 4637 1169 4693 Dicite
1180 4634 1245 4690 ntia
1257 4633 1327 4690 Sion
1342 4651 1348 4688 :
1361 4633 1431 4689 dccc
1443 4648 1492 4690 rex
1504 4635 1573 4689 tuus
1584 4630 1673 4699 venit,
1683 4654 1696 4682 a
1709 4635 1763 4688 etc.
1779 4627 1880 4698 (Zach.

168 4745 244 4796 care,
261 4727 332 4799 quia
342 4725 414 4780 ordo
425 4739 522 4779 rernm
535 4721 673 4796 poscebat
683 4724 713 4776 ut
724 4721 805 4793 prius
815 4721 949 4780 homines
959 4725 996 4781 ab
1052 4728 1102 4800 rx.)
1114 4725 1173 4782 Hoc
1184 4721 1387 4781 testimonium
1400 4721 1427 4776 in
1441 4721 1579 4778 Zacharia
1591 4721 1733 4794 propheta
1742 4717 1878 4790 estquod

169 4815 353 4873 infidelitatis
364 4811 488 4870 vinculis
501 4811 691 4877 solverentur,
699 4813 726 4865 et
737 4814 837 4882 postea
847 4827 898 4882 per
909 4813 996 4869 fidem
1054 4833 1110 4872 nen
1126 4814 1223 4871 solum
1237 4811 1393 4884 impletum
1408 4814 1463 4883 est,
1478 4811 1547 4882 quia
1559 4808 1812 4882 pradictumerat,
1828 4806 1878 4862 sed

168 4906 226 4964 eibi
243 4905 500 4978 presentarentur.
510 4898 635 4954 Vincula
647 4899 725 4954 enim
742 4904 861 4971 peccata
876 4905 955 4969 sunt,
966 4907 1000 4958 ut
1054 4905 1142 4961 etiam
1154 4907 1239 4959 antea
1250 4899 1419 4974 praedictum
1430 4898 1562 4971 estquis
1571 4897 1754 4970 Implendum
1764 4890 1880 4952 cratllt

169 4995 211 5050 ait
220 4993 360 5050 Salomon
371 5005 377 5045 :
387 5014 400 5040 a
412 4987 573 5046 Peniculus
582 4991 767 5060 peccat-orum
778 5004 898 5043 suorum
911 5008 1001 5048 unus·
1054 4997 1152 5050 autem
1160 5007 1275 5048 omnem
1286 4986 1502 5044 excusationem
1511 4988 1680 5061 ignorantia
1690 4983 1823 5042 aludaeis
1831 4999 1880 5039 au·

170 5084 298 5156 quisquc
312 5077 528 5152 constringitur
553 5077 643 5149 (Pron.
659 5077 697 5149 v).
717 5098 731 5124 a
747 5076 782 5131 Et
807 5075 856 5131 alii
881 5079 1000 5149 quidem
1055 5083 1227 5146 terraneam
1243 5074 1360 5133 Domini
1376 5075 1532 5132 adventum
1548 5071 1879 5150 prediceretpropheta,

170 5170 355 5246 evangelistae
368 5172 484 5225 tantum
501 5166 615 5240 pullum
631 5170 802 5238 posuerunt,
820 5167 1000 5226 vocationem
1056 5171 1150 5244 ipsam
1164 5167 1334 5242 qualitatem
1353 5165 1467 5222 llcmini
1483 5164 1663 5222 advenientis
1679 5161 1815 5229 ostendit,
1832 5161 1879 5216 di-

169 5261 302 5336 gentinm
312 5255 499 5316 solummodo
507 5255 669 5328 exprimere
678 5254 1001 5327 cupianteelllatthsens
1057 5276 1126 5316 cens
1139 5277 1145 5315 :
1157 5281 1170 5308 a
1182 5254 1272 5312 Dicite
1284 5253 1348 5310 filia
1359 5253 1437 5320 Sion.
1447 5276 1460 5305 a
1473 5259 1526 5312 etc·
1538 5253 1732 5311 HilePitlller
1741 5255 1838 5308 antem
1850 5249 1881 5305 fi·

169 5355 267 5408 autom
283 5352 446 5420 utrumque
465 5344 576 5402 animal
600 5343 709 5416 posuit,
726 5344 841 5400 asinam
868 5343 1003 5405 videlicet
1057 5337 1880 5416 liamSionJerusalemappellat,incujussublimiorilooo

171 5445 198 5498 at
213 5437 384 5514 pullum‚ut
394 5433 575 5509 significaret
585 5449 619 5488 ex
634 5435 757 5504 utroque
768 5431 876 5505 populo
888 5433 1003 5507 aliquos
1058 5435 1127 5492 Sion
1139 5433 1234 5507 posita
1246 5435 1317 5499 erat,
1328 5449 1386 5487 non
1397 5429 1493 5486 solnm
1507 5431 1543 5487 ad
1554 5429 1768 5488 defendendum
1779 5426 1880 5494 tutior,

171 5529 198 5588 in
213 5527 332 5584 Christo
348 5539 416 5582 esse
441 5521 614 5586 credituros.
632 5518 720 5586 Quasi
745 5519 822 5574 enim
839 5520 875 5574 ad
891 5519 1003 5580 solven-
1059 5525 1110 5582 sed
1121 5523 1211 5580 etiam
1222 5522 1259 5578 ad
1269 5517 1527 5591 contemplandum
1537 5519 1693 5575 sublimior
1702 5517 1793 5574 locus.
1805 5517 1845 5571 Ao
1855 5513 1880 5567 si
1902 5575 1908 5583 ⁸

170 5617 238 5682 dam
251 5617 368 5688 asinam
384 5610 533 5690 apostolos
549 5608 642 5680 misit,
654 5607 773 5686 quando
784 5607 952 5684 specialiter
967 5613 1002 5673 ad
1059 5613 1169 5676 diceret
1182 5610 1324 5690 propbeta
1339 5625 1346 5668 ι
1363 5607 1386 5670 0
1400 5601 1451 5668 v'os
1465 5607 1569 5682 ludaei,
1586 5624 1660 5686 quos
1677 5605 1724 5665 ille
1738 5605 1879 5662 adventus
