3872 6168
90 303 140 366 ns
480 257 489 278 ’
677 291 854 357 nonina
875 291 925 355 ou
947 289 1146 354 ninuronn.
1705 303 1766 373 496

89 437 210 490 viventem
220 446 329 486 summu
339 428 477 485 dilexerat
486 445 593 485 uiliore.
606 429 736 501 Denique
749 430 790 496 (ul
805 443 887 482 cvan-
904 431 927 496 Α
944 425 1066 492 dissent,
1083 425 1123 480 illi
1144 443 1200 497 pror
1217 426 1326 482 rarioris
1342 437 1522 500 attraxerunt,
1541 437 1641 494 Petrus
1656 444 1768 504 seilicet

87 524 181 598 gelista
196 524 325 588 rel'crunt)
341 535 408 574 mox
428 522 459 574 ut
474 519 631 574 Dominum
653 518 682 573 in
698 520 889 572 monumento
943 520 972 570 et
986 515 1125 582 loannes,
1136 516 1221 588 cujus
1231 521 1275 573 est
1286 516 1340 572 hoe
1351 519 1550 594 Evangelium.
1563 525 1643 584 Unde
1655 535 1683 586 et
1694 533 1767 590 bene

86 611 197 686 positum
207 607 283 673 vidit,
295 607 364 662 emit
374 611 515 675 aromata,
527 610 555 664 et
570 625 655 663 mane
669 605 764 680 prima
774 604 889 662 subbati
942 603 1069 660 dieitur:

86 705 142 758 ante
154 699 241 756 lucem
254 701 297 766 (ut
310 712 439 768 praesens
460 695 603 768 Evangelii
619 695 702 752 lectio
718 695 828 765 narrat)
852 693 888 748 ad
979 716 993 744 ιι
1009 693 1083 750 Exiit
1099 710 1167 767 argo
1185 694 1325 752 Petruset
1336 696 1382 752 ille
1393 697 1469 758 alius
1480 701 1653 776 discipulus,
1670 713 1699 763 et
1722 725 1769 765 ve-

85 783 445 860 aapulcrumDominivenit.
455 781 890 840 Etcumsoxusiemineustimi-
944 805 958 832 ιι
973 786 1079 838 nerunt
1091 782 1127 837 ad
1153 789 1395 841 monumentum:
1411 787 1574 848 Currebant
1588 799 1686 852 autem
1712 798 1770 855 duo

85 871 335 932 decessesoleatad
349 870 560 927 ambulandum
570 869 822 936 intenebris,nihil
833 869 890 926 ista
944 893 957 921 ιι
972 869 1071 938 simul,
1088 876 1116 926 et
1131 870 1178 927 ille
1192 871 1268 930 elius
1279 873 1441 947 discipulus
1454 881 1604 950 praecurrit
1618 883 1705 942 eitius
1718 888 1772 944 Pe-

85 964 183 1028 metuit,
194 979 254 1035 que
266 961 419 1017 totocorde
434 959 590 1016 Dominum
602 959 712 1016 dilexit.
728 961 797 1016 Erat
811 957 889 1016 enim
944 983 957 1010 ιι
977 964 1029 1022 tro,
1047 965 1075 1016 et
1088 960 1167 1016 venit
1178 960 1290 1032 primus
1301 963 1337 1019 ad
1353 973 1589 1028 monumentum.
1606 973 1641 1028 nt
1655 991 1722 1032 cum
1739 994 1770 1034 sa

83 1053 108 1108 in
121 1052 167 1108 illa
180 1052 302 1124 perfecta
316 1049 453 1115 charitas,
470 1066 533 1122 que
549 1051 626 1106 foras
643 1049 732 1104 mittit
743 1047 888 1104 timorem.
945 1069 959 1098 ιι
974 1047 1154 1116 inclinasset,
1179 1049 1252 1106 vidit
1275 1051 1371 1125 posita
1385 1051 1566 1126 linteamina,
1588 1077 1646 1118 non
1672 1067 1771 1122 tamen

83 1143 130 1198 Sed
143 1141 275 1214 quaritur
289 1155 377 1212 quare
392 1140 520 1196 loannes
540 1138 635 1194 dicat:
657 1138 748 1194 Maria
771 1138 890 1210 Magda·
945 1161 957 1188 ιι
976 1137 1114 1193 introivit.
1135 1138 1221 1194 Venit
1236 1156 1303 1213 ergo
1318 1141 1419 1198 Simon
1434 1143 1536 1201 Petrus
1552 1164 1676 1222 sequens
1691 1170 1770 1225 eum,

84 1231 137 1286 lene
147 1230 219 1285 venit
228 1245 312 1284 mnne
321 1246 388 1283 uum
400 1228 495 1284 adhuc
503 1228 627 1284 tenebra
635 1227 776 1283 essentad
789 1243 892 1282 morin·
946 1248 960 1277 ιι
974 1229 1002 1283 et
1021 1226 1140 1282 intravit
1153 1227 1183 1283 in
1200 1235 1434 1288 monumentum.
1453 1233 1487 1288 Et
1501 1234 1575 1291 vidit
1599 1237 1772 1300 linteamina

83 1323 208 1384 ruentum,
221 1317 334 1374 Marcus
344 1317 495 1373 veredicnt
504 1333 568 1372 eam
580 1315 693 1372 venisse
703 1315 785 1370 valde
795 1331 890 1382 mane,
945 1337 959 1364 ιι
977 1316 1081 1388 posita,
1093 1320 1122 1371 et
1134 1317 1286 1373 sudarium
1302 1320 1379 1392 quod
1391 1321 1486 1378 luerat
1500 1339 1588 1396 super
1597 1334 1685 1399 eaput
1695 1332 1770 1402 ejus,

82 1410 198 1480 ortojam
214 1406 283 1463 sole.
299 1407 341 1462 Ad
359 1407 436 1478 quod
452 1405 623 1478 simpliciter
638 1405 813 1477 respondere
829 1422 893 1477 poe·
945 1429 959 1455 ιι
977 1421 1034 1460 non
1046 1404 1342 1464 cumlintenminibus
1353 1410 1491 1482 positum,
1505 1413 1553 1468 scd
1564 1419 1719 1488 separatim
1731 1421 1774 1476 in·

82 1515 181 1566 senius,
192 1496 260 1569 quia
270 1495 364 1569 potuit
377 1495 438 1552 lieri
455 1500 486 1550 ut
499 1496 626 1568 primum
643 1494 705 1550 sola
720 1499 786 1550 ante
797 1493 890 1550 lucem
945 1517 959 1544 ιι
977 1493 1108 1548 volutum
1125 1494 1154 1549 in
1171 1511 1261 1550 unum
1273 1495 1380 1553 locum.
1394 1523 1408 1548 n
1424 1499 1533 1557 Cursus
1549 1509 1646 1562 autem
1664 1507 1717 1564 iste
1733 1509 1775 1566 di·

82 1589 110 1644 ad
124 1590 340 1642 monumentum
360 1585 471 1640 venerit
486 1590 604 1658 propter
618 1582 727 1640 amoris
743 1584 893 1656 magnitu-
946 1581 1159 1654 scipuloruma
1180 1584 1316 1657 mysterio
1331 1603 1440 1646 vacuus
1464 1607 1520 1646 non
1546 1598 1590 1648 est
1613 1599 1771 1667 putandus.

81 1678 176 1742 dinem,
201 1681 229 1732 et
251 1680 352 1748 postea
376 1679 438 1730 orto
462 1674 523 1731 sole
547 1691 613 1730 cum
629 1674 745 1730 daubus
759 1674 891 1746 ejusdem
947 1671 1009 1726 Non
1021 1671 1098 1726 enim
1111 1673 1276 1728 seioannes
1287 1675 1414 1748 priorem
1428 1679 1542 1750 venisse
1555 1687 1583 1738 et
1599 1701 1656 1740 non
1666 1685 1773 1744 intras·

82 1765 196 1822 nominis
211 1763 327 1826 leminis
340 1763 446 1820 lterum
462 1765 497 1819 ad
520 1768 743 1818 monumentum
764 1761 891 1818 redierit.
947 1776 977 1815 se
994 1757 1123 1828 dixisset,
1142 1760 1166 1816 si
1191 1761 1218 1815 in
1236 1761 1300 1834 ipsa
1316 1779 1370 1819 sua
1384 1765 1577 1837 trepidatione
1602 1775 1772 1846 mysterium

81 1857 133 1911 Non
148 1855 222 1910 enim
238 1853 330 1909 semel
351 1853 380 1908 in
397 1853 454 1920 die,
470 1854 520 1908 sed
544 1853 711 1924 frequenter
726 1851 761 1908 ad
777 1849 892 1908 Domini
947 1849 1049 1903 deesse
1065 1848 1214 1904 sensisset.
1230 1850 1284 1906 Por
1298 1851 1372 1908 duos
1385 1869 1453 1926 ergo
1464 1855 1623 1932 discipulos
1638 1863 1776 1934 spiritali-

82 1940 891 2014 monnmentumannetnmuliereavenisseputandaesunt.
947 1938 1064 1992 terduo
1079 1938 1197 1994 ordines
1222 1939 1320 2012 populi
1346 1943 1581 2016 praefigurantur,
1606 1948 1773 2009 Judaeorurn

81 2031 135 2086 Sive
149 2033 221 2086 certe
245 2029 326 2101 quod
350 2028 477 2085 loannes
501 2028 581 2095 dicit,
606 2027 719 2084 venisse
734 2045 798 2083 eam
825 2044 892 2082 cum
947 2025 1058 2080 scilicet
1081 2028 1110 2080 et
1131 2027 1272 2098 gentium.
1290 2029 1344 2086 Per
1359 2031 1476 2088 Petrum
1502 2039 1599 2091 autem
1619 2039 1774 2110 seniorem,

81 2121 163 2176 adhuc
178 2119 301 2174 tenelirae
318 2121 415 2174 essent
431 2118 466 2174 ad
483 2123 716 2184 monumentum,
734 2123 762 2172 et
779 2117 893 2172 Marcus
948 2112 1131 2185 significatur
1155 2116 1273 2188 gentilis
1297 2118 1442 2191 populus:
1468 2139 1520 2196 per
1538 2125 1687 2195 juniorem
1711 2146 1777 2186 vero

80 2213 133 2264 orta
141 2211 200 2279 jam
211 2205 281 2276 sole,
298 2223 378 2262 unus
394 2205 485 2278 partis
500 2207 632 2279 orientis,
648 2207 721 2262 alter
736 2206 894 2262 occidentis
948 2201 1102 2272 loannem,
1115 2207 1452 2278 synagogadudnorum.
1469 2211 1551 2268 Prior
1566 2231 1633 2287 ergo
1648 2216 1777 2274 loannes

80 2297 214 2352 describit.
226 2295 361 2362 Quotidie
372 2295 449 2350 enim
466 2295 557 2352 oculis
573 2296 732 2362 cernimus,
749 2296 817 2368 quia
827 2312 894 2350 cum
949 2293 1087 2360 cucurrit,
1100 2294 1149 2348 scd
1163 2293 1193 2348 in
1211 2301 1433 2354 mouumentum
1446 2317 1503 2355 non
1515 2301 1647 2359 intravit:
1665 2306 1734 2378 quia
1747 2306 1776 2362 in

80 2386 115 2442 sol
127 2403 261 2442 concavas
271 2389 419 2440 terrarum
430 2389 528 2457 partes
539 2383 717 2458 relinquens,
729 2386 823 2458 primo
834 2401 895 2440 cre·
950 2382 1115 2455 cognitione
1135 2383 1184 2438 Dei
1196 2386 1224 2438 et
1244 2383 1346 2440 notitia
1356 2384 1429 2458 legis
1439 2388 1520 2460 prior
1534 2389 1687 2464 Synagoga
1712 2395 1776 2462 luit,

80 2475 188 2547 pusculo
204 2475 289 2532 terris
308 2473 402 2529 lucem
425 2473 546 2529 reddere
569 2473 680 2548 incipit,
697 2474 738 2530 ita
752 2477 785 2530 nt
801 2472 849 2530 lux
865 2473 894 2528 in
950 2473 1001 2528 sed
1013 2472 1050 2526 ad
1065 2471 1152 2526 tinem
1164 2471 1272 2527 intrare
1288 2475 1392 2530 renuit.
1405 2474 1490 2530 Venit
1501 2483 1599 2534 autem
1617 2481 1718 2537 Simon
1729 2483 1778 2540 Pe-

80 2565 185 2633 oriente,
197 2569 229 2620 ut
241 2564 370 2620 tenebre
382 2580 438 2618 non
450 2563 548 2619 desint
558 2563 586 2618 in
598 2564 756 2620 occidente.
769 2564 802 2618 Et
817 2563 895 2636 quod
951 2565 1014 2616 trus
1029 2577 1155 2632 sequens
1170 2578 1248 2628 eum,
1264 2560 1430 2630 etintravit,
1442 2564 1510 2636 quia
1520 2567 1638 2640 gentilis
1652 2568 1778 2642 populus

81 2655 251 2722 aitioannes,
264 2670 334 2709 curn
346 2653 441 2709 adhuc
452 2653 577 2708 tenebre
587 2655 695 2717 essent,
711 2656 808 2725 partes
819 2652 896 2708 occi·
951 2653 1017 2722 post
1035 2648 1146 2704 Domini
1162 2648 1391 2706 incarnationem
1408 2668 1576 2720 conversus,
1588 2657 1700 2712 tardius
1715 2659 1779 2730 qui·

82 2744 164 2800 dentis
178 2743 322 2800 attendit:
341 2743 417 2816 quod
432 2757 499 2797 vero
519 2741 634 2796 Marcus
658 2741 737 2807 dicit,
753 2745 815 2796 orto
833 2743 896 2812 jnm
951 2739 1017 2793 dem
1033 2737 1121 2802 venit,
1140 2738 1190 2795 sed
1206 2737 1288 2809 prius
1310 2739 1345 2793 ud
1364 2740 1451 2794 tidem
1468 2740 1595 2809 intravit,
1607 2745 1692 2816 Juxta
1706 2745 1778 2802 illud

82 2831 141 2896 sola,
156 2835 250 2905 partes
265 2830 390 2888 orientis
402 2829 604 2886 consideravit.
620 2828 818 2902 spiritualiter
832 2845 897 2884 varo
951 2827 1028 2899 quod
1058 2825 1098 2880 ait
1122 2825 1152 2880 in
1178 2825 1333 2898 Evangelio
1362 2828 1522 2886 Dominus:
1548 2853 1561 2880 ιι
1579 2831 1669 2888 Erunt
1690 2834 1778 2905 primi

82 2921 230 2977 tenebrata
242 2918 578 2985 cordemulieriserant,
590 2935 656 2974 cum
672 2919 708 2974 ad
723 2917 837 2974 Domini
853 2935 899 2974 ve·
952 2912 1114 2981 novissimi,
1135 2918 1163 2970 et
1188 2914 1340 2971 novissimi
1369 2916 1455 2990 primi
1473 2918 1580 2992 (Multi.
1600 2921 1656 2994 xxj.
1674 2943 1688 2972 »
1707 2945 1720 2973 ιι
1745 2924 1780 2979 Et

83 3011 117 3066 nit
131 3015 371 3066 monumentum:
388 3008 458 3081 quia
473 3006 693 3064 resurrectionis
704 3007 769 3077 ejus
783 3005 897 3078 ignara,
952 3004 1024 3060 vidit
1033 3002 1205 3058 linteamina
1216 3002 1319 3076 posita,
1332 3009 1360 3059 et
1374 3005 1527 3062 sudarium
1539 3009 1617 3080 quod
1630 3009 1724 3066 iuerat
1734 3029 1781 3068 su-

81 3099 208 3155 vivantam
225 3099 305 3155 inter
321 3101 451 3152 mortuos
463 3096 638 3168 requirebat.
655 3095 737 3150 Tune
753 3099 850 3150 antem
868 3095 897 3150 in
953 3111 1005 3167 per
1015 3092 1186 3164 enputejus,
1199 3109 1256 3148 non
1268 3108 1334 3148 cum
1347 3093 1566 3153 linteaminibus
1576 3097 1716 3170 positum,
1728 3101 1779 3156 sed

82 3188 135 3258 ejus
149 3192 243 3245 mente
266 3185 315 3245 sol
330 3190 411 3243 ortus
426 3189 480 3252 est,
502 3185 619 3258 quando
633 3201 701 3240 eum
718 3200 775 3240 non
800 3181 896 3240 solum
912 3162 934 3228 C
954 3179 1111 3255 separatim
1123 3180 1284 3236 involutum
1297 3181 1326 3238 in
1338 3199 1430 3238 unum
1440 3182 1571 3240 locum.»
1582 3186 1655 3249 Quid
1667 3189 1781 3260 perlin-

81 3278 260 3334 resurrexisse
269 3275 356 3340 vidit,
369 3274 418 3331 sed
430 3274 519 3329 etiam
534 3273 666 3330 credidit.
952 3271 1091 3337 teaminn,
1103 3270 1159 3325 nisi
1170 3270 1253 3326 bonae
1264 3271 1393 3328 actiones
1403 3271 1629 3346 significantur?
1645 3275 1780 3334 Linteum

110 3389 122 3416 ιι
137 3366 168 3420 m
180 3363 392 3438 viditlapidam
404 3362 552 3419 sublatum
564 3365 788 3418 amonumento.
803 3384 816 3410 »ι
827 3362 900 3426 Qua·
954 3377 1092 3433 namquo,
1105 3361 1181 3432 qood
1199 3377 1265 3416 cum
1281 3359 1380 3416 labore
1396 3362 1512 3430 texitur,
1529 3364 1579 3420 sed
1595 3381 1663 3420 cum
1679 3366 1781 3424 decore

80 3454 136 3510 litor
152 3454 194 3510 vel
218 3453 341 3528 quando
367 3451 507 3509 revolutio
523 3451 612 3523 hujus
637 3450 745 3524 lapidis
760 3453 835 3508 lucta
849 3452 899 3519 sit,
954 3450 1096 3516 induitur,
1121 3450 1266 3504 bonarum
1290 3449 1418 3507 actiones
1443 3451 1607 3524 significat:
1624 3471 1687 3528 quae
1714 3471 1782 3512 cum

82 3542 220 3600 lintlhaeus
233 3543 423 3600 manifestius
439 3541 587 3609 describit,
604 3540 722 3596 dicens:
740 3564 754 3592 ιι
770 3539 900 3614 Angelus
954 3538 1053 3596 studio
1063 3539 1104 3611 pii
1115 3537 1225 3594 laboris
1235 3538 1436 3611 perficiuntur,
1453 3540 1504 3597 sed
1527 3557 1594 3597 cum
1606 3543 1707 3601 decore
1719 3545 1782 3601 ani-

46 3643 49 3648 ·
82 3631 305 3706 quippeDomini
318 3629 511 3687 descenditis
525 3628 607 3695 cralo,
619 3629 899 3687 etaceedensrevol-
955 3645 1011 3685 mre
1030 3628 1203 3695 induuntur,
1219 3628 1379 3701 dequibus
1402 3629 1535 3687 Ecclesiae
1551 3647 1619 3688 voce
1642 3651 1693 3707 per
1717 3651 1782 3706 pro·
1816 3631 1828 3658 '

83 3721 117 3774 vit
129 3721 262 3794 lapidem,
278 3725 311 3778 et
326 3719 445 3775 sedebat
462 3735 550 3790 super
565 3735 632 3773 eum
648 3719 751 3786 (ttnot.
766 3720 875 3792 xxvm).
887 3741 900 3769 »
956 3718 1074 3792 phalam
1099 3717 1224 3773 dicitur:
1250 3741 1264 3768 ιι
1279 3717 1346 3774 Vivo
1361 3735 1425 3793 ego,
1446 3719 1518 3776 dicit
1539 3721 1691 3789 Dominus,
1715 3723 1783 3796 quia

84 3807 127 3864 libi
143 3829 196 3867 non
219 3809 388 3884 putandum
401 3811 446 3863 est
461 3808 537 3878 quod
554 3807 711 3863 Dominum
727 3808 756 3863 in
773 3825 901 3864 resnrre·
956 3807 1094 3863 omnibus
1105 3807 1151 3862 his
1169 3805 1249 3862 velut
1258 3813 1429 3864 ornamento
1445 3809 1576 3866 vestieris
1589 3813 1653 3880 (iao.
1670 3817 1755 3881 xcix).
1769 3833 1783 3862 n

84 3897 166 3955 ctione
180 3898 305 3974 angelus
318 3895 436 3970 Juverit,
453 3897 502 3952 sed
515 3897 551 3951 ad
567 3895 623 3951 hoo
633 3896 758 3970 lapidem
774 3896 901 3963 revolvit,
956 3897 1011 3952 Per
1025 3895 1176 3952 sudarium
1188 3912 1265 3962 vero,
1277 3912 1342 3952 cum
1355 3914 1412 3969 quo
1422 3899 1512 3954 sudor
1522 3899 1720 3957 laborantium
1731 3905 1786 3956 ter·

84 3991 111 4041 ut
128 3991 186 4060 ejus
202 3987 449 4046 resurrectionem
474 3985 579 4040 inciam
596 3984 766 4042 hominibus
781 3986 902 4041 demon·
956 3984 985 4059 gi
1000 3983 1082 4051 solat,
1099 3983 1177 4040 unde
1200 3988 1229 4039 et
1250 4001 1355 4039 nomen
1371 3987 1492 4058 accepit,
1521 3988 1604 4044 labor
1630 3989 1784 4046 [lonninicea

85 4081 185 4133 straret.
198 4079 253 4136 Sed
265 4076 538 4148 mulierpostquam
549 4074 676 4147 lapidem
685 4091 702 4128 a
712 4079 902 4130 monumento
957 4073 1102 4146 passionis
1118 4072 1299 4145 exprimitur.
1313 4072 1393 4127 Unde
1406 4077 1434 4128 et
1449 4075 1511 4146 ipse
1524 4093 1574 4148 per
1590 4076 1782 4149 Proplretam:

85 4165 314 4234 sublatnmvidit,
327 4163 699 4237 qniaDominumnondnm
710 4163 903 4219 resurrexisse
958 4186 971 4214 ιι
985 4160 1124 4218 Laboravi
1140 4159 1281 4227 clamans,
1300 4177 1392 4216 rauca
1418 4161 1499 4218 lactas
1515 4168 1584 4219 sunt
1601 4165 1699 4222 lauces
1714 4183 1784 4222 meae

85 4255 216 4323 credebat,
229 4256 362 4311 iuratum
376 4253 509 4321 credidit,
522 4256 609 4326 atque
625 4251 729 4307 festina
744 4252 905 4324 quodvidit
958 4252 1042 4324 (Paul.
1060 4249 1191 4306 cxviiii.»
1207 4246 1312 4303 Aliter:
1339 4265 1389 4320 por
1411 4250 1564 4306 sudarium
1591 4253 1670 4324 quod
1696 4270 1785 4324 super

85 4339 225 4416 discipulis
239 4340 397 4400 nuntiavit.
410 4341 475 4397 llaec
489 4345 534 4398 est
548 4341 697 4411 veraciter,
710 4357 773 4414 qua
784 4341 813 4396 in
830 4341 902 4398 Can·
958 4343 1047 4414 caput
1061 4340 1125 4410 ejus
1140 4337 1268 4411 positum
1294 4337 1398 4405 suerat,
1415 4340 1479 4410 ejus
1502 4339 1644 4396 Divinitas
1660 4341 1784 4414 intelligi

87 4431 142 4486 licis
155 4433 338 4490 canticorum
353 4447 421 4486 voce
445 4429 580 4486 Ecclesia
595 4429 682 4485 dicit:
713 4453 727 4480 ιι
744 4430 775 4486 ln
798 4429 904 4486 lectulo
959 4433 1062 4503 potest.
1082 4452 1095 4478 ιι
1108 4428 1202 4500 Caput
1213 4444 1340 4501 namque
1350 4427 1466 4496 christi,
1478 4427 1519 4483 ait
1529 4427 1696 4500 Apostolus,
1709 4429 1785 4486 Deua

88 4533 142 4574 meo
159 4537 210 4594 per
223 4525 342 4578 noctem
359 4519 478 4592 quaesivi
494 4536 581 4591 quem
598 4517 692 4592 diligit
707 4519 805 4574 anima
820 4537 903 4577 ntea:
921 4531 943 4597 ῃ
959 4523 1003 4576 est
1023 4521 1047 4586 (l
1061 4519 1120 4575 Cor.
1136 4519 1186 4580 xr).
1203 4539 1218 4566 »
1247 4517 1328 4583 Quod
1353 4515 1510 4588 separatim
1535 4516 1690 4585 invenitur,
1717 4517 1787 4591 quia

88 4609 193 4677 quesivi
210 4609 309 4678 illum,
320 4614 348 4666 et
358 4625 415 4664 non
427 4607 535 4664 inveni.
547 4607 670 4680 Surgam
681 4609 710 4662 et
720 4607 849 4664 circuibo
861 4607 904 4664 ei·
959 4609 1076 4666 Creator
1093 4624 1210 4663 omnem
1226 4610 1389 4662 creaturam
1408 4605 1532 4663 excellit.
1549 4607 1612 4662 Non
1635 4624 1703 4682 ergo
1719 4624 1785 4663 cum

88 4695 909 4778 vitatemquaerensquemdiligitanimamea.Invenerunt
962 4697 1193 4764 linteaminibus,
1206 4694 1425 4768 sed-separatim
1441 4695 1471 4750 in
1487 4712 1578 4750 unum
1594 4694 1690 4752 locum
1702 4696 1787 4752 suda·

90 4801 127 4840 mc
137 4787 296 4862 vigilesqai
308 4787 480 4843 custodiant
490 4784 644 4840 civitatem.
654 4785 737 4840 Nunc
749 4785 909 4857 quemdili·
963 4788 1023 4842 rins
1038 4786 1142 4860 capitis
1157 4783 1271 4842 Domini
1292 4783 1455 4840 invenitur:
1473 4783 1542 4856 quie
1557 4783 1672 4840 Domini
1689 4784 1785 4858 passio

89 4873 124 4946 git
134 4877 230 4933 anima
239 4893 307 4933 meo
316 4876 431 4932 vidistis
440 4876 454 4930 ‘l
464 4875 498 4930 Et
508 4875 617 4930 sactum
629 4877 673 4929 est
683 4873 752 4928 dum
766 4879 909 4946 pertrans·
961 4875 1046 4949 longe
1057 4872 1550 4946 anostrapassioncdissimilisfuit,
1562 4871 1787 4946 quoniamquod

90 4960 167 5020 issem
182 4965 259 5034 illoc,
273 4965 369 5021 inveni
381 4981 468 5037 quem
480 4961 577 5036 diligit
586 4962 685 5017 anima
695 4979 769 5017 nien.
782 4963 907 5020 l'eneam
961 4983 1016 5020 nos
1030 4981 1097 5020 oum
1110 4968 1226 5038 peccato
1236 4964 1282 5018 vix
1292 4967 1454 5035 portamus,
1465 4960 1513 5017 illc
1524 4962 1586 5018 sinc
1598 4967 1715 5034 peccato
1727 4979 1788 5034 pcr-

90 5048 163 5108 illam
177 5072 230 5111 neo
245 5053 405 5120 dimittam,
422 5053 513 5109 donee
535 5051 719 5108 introducam
741 5052 769 5106 in
785 5052 905 5108 domum
961 5053 1046 5109 tulit:
1062 5057 1090 5109 et
1105 5069 1159 5108 nos
1174 5051 1291 5124 quidem
1308 5069 1359 5124 pro
1380 5052 1464 5108 nobis
1488 5050 1560 5124 ipsis
1585 5051 1789 5112 tribulationes

90 5142 169 5209 patris
181 5145 250 5212 mei,
266 5149 296 5198 et
310 5143 339 5198 in
356 5141 523 5198 cubiculum
551 5137 700 5215 genitricis
726 5157 796 5196 meas
817 5141 906 5210 (Ceut.
962 5143 1102 5216 patimur,
1113 5140 1269 5196 illeautsm
1285 5156 1336 5212 pro
1352 5140 1447 5207 nobis,
1458 5145 1487 5196 et
1500 5158 1556 5196 non
1568 5157 1619 5215 pro
1635 5158 1666 5198 se
1683 5159 1789 5215 passus

91 5234 137 5297 m).
155 5255 167 5280 a
182 5232 264 5290 Unde
279 5236 308 5288 et
323 5232 475 5288 subditur:
963 5236 1017 5288 est.
1030 5231 1106 5287 Bene
1117 5235 1214 5286 nutem
1224 5227 1385 5285 involutum
1397 5230 1518 5286 inveniri
1530 5230 1646 5286 dieitur.
1654 5231 1789 5288 Linteum

118 5341 133 5396 ιι
148 5322 282 5394 Cucurrit
297 5325 402 5395 ergoet
418 5320 495 5376 venit
510 5319 546 5375 nd
562 5319 711 5376 Simonem
736 5319 865 5386 Petrum,
881 5322 910 5375 et
963 5320 1040 5376 enim
1056 5320 1133 5391 quod
1150 5318 1314 5385 involvitur,
1329 5319 1393 5390 ejus
1404 5335 1456 5376 nec
1466 5319 1584 5376 initium
1601 5337 1653 5376 nec
1666 5319 1734 5376 finis
1747 5321 1790 5375 vi-

92 5427 104 5453 «
118 5409 150 5462 nd
165 5409 257 5466 alvum
274 5407 450 5482 discipulum
467 5425 552 5482 quem
569 5406 688 5464 amabat
710 5406 805 5474 desua,
823 5412 851 5463 et
866 5408 908 5464 di·
963 5409 1057 5466 detur.
1081 5409 1115 5463 et
1129 5407 1199 5482 quia
1214 5407 1270 5474 hic,
1287 5407 1337 5481 qui
1358 5425 1464 5481 passus
1478 5413 1522 5466 est
1537 5409 1567 5465 in
1597 5409 1788 5475 humanitate,

93 5497 219 5556 valleia:
232 5497 541 5556 'l'uleruntDominum
555 5513 652 5553 meum
662 5495 697 5551 de
709 5501 907 5564 monumento,
965 5515 1016 5554 nee
1033 5497 1150 5552 initium
1171 5513 1223 5552 nce
1238 5496 1326 5552 finem
1342 5496 1462 5554 haberet
1476 5499 1505 5554 in
1530 5497 1696 5563 Divinitate‚
1713 5499 1790 5551 recte

94 5603 105 5634 ιι
119 5589 146 5640 et
158 5589 305 5648 nescimus
317 5589 366 5648 ubi
383 5591 543 5668 posuerunt
558 5602 635 5645 aum.
648 5607 663 5640 a
680 5583 760 5656 Quod
776 5601 842 5642 cum
860 5603 911 5644 au·
964 5587 1117 5647 sudarium
1143 5585 1247 5663 capitia
1271 5586 1336 5662 ains
1350 5585 1514 5647 involutum
1529 5585 1685 5646 invenitur.
1702 5583 1790 5644 Recte
