3930 6172
217 287 273 349 Edi
499 287 704 356 llAthONIS
727 291 998 356 exhauriatur.
1020 293 1143 358 arist.
1168 297 1254 360 OPP.
1279 300 1378 364 PARS
1400 301 1631 370 11.-tt0tttt.
1826 321 1873 384 tet

216 441 285 482 cum
295 425 389 482 eredit
399 425 629 486 occisumTunc
640 445 706 486 caro
717 429 781 502 ejus
792 429 964 498 comeditur,
975 447 1043 486 cum
1057 428 1084 495 Α
1100 452 1114 478 α
1129 431 1306 504 saginatum,
1320 433 1390 508 quia
1402 436 1514 494 salvum
1530 417 1607 496 illum
1624 443 1730 518 recepit.
1743 470 1754 496 u
1764 451 1791 504 ln
1802 459 1874 512 extre.

216 515 1046 590 ejuspeasiouissacrameutumetoreademundationem
1102 518 1158 575 mis
1174 519 1251 578 euim
1277 527 1358 579 terra
1386 525 1441 581 luit
1466 526 1554 584 trater
1568 533 1645 597 tuus,
1659 533 1704 588 aed
1725 533 1783 594 inde
1803 543 1876 612 maior

216 606 389 678 percipitur,
405 612 434 664 at
448 607 536 664 eorde
550 607 586 664 ad
606 607 800 666 imitationem
817 609 973 682 cogitatur.
1100 609 1265 680 exsultatio,
1277 613 1413 684 cantatio,
1426 614 1548 672 Domino
1560 619 1697 676 cauticum
1713 631 1876 701 novumque

253 719 267 748 a
284 697 319 752 Et
334 697 549 754 manducemus
569 703 599 754 et
622 697 784 770 epulemur,
801 699 871 771 quia
895 697 942 754 hic
966 698 1046 754 filius
1100 697 1165 755 laus
1188 700 1253 772 eiua
1278 701 1314 758 ab
1337 703 1475 760 extremis
1497 708 1587 762 terre.
1604 708 1637 762 Et
1651 715 1875 790 proptoreumqui

217 809 231 836 a
248 803 333 844 meus
348 791 482 844 mortuus
497 788 602 854 luerat,
618 792 647 844 et
662 787 765 844 revixit
781 804 787 842 :
804 788 941 860 perierat,
956 793 986 844 et
1000 786 1044 843 in·
1100 787 1206 844 absens
1222 794 1295 856 erat,
1311 791 1480 849 occisuaest
1490 791 1538 849 ille
1548 795 1594 850 cui
1604 795 1772 856 dictumest:
1783 825 1795 852 a
1805 805 1877 862 Etho-

216 897 231 926 α
247 879 352 933 ventus
367 877 520 932 ostillon
536 874 618 934 solus
632 875 780 950 illius,qui
796 877 898 934 revixit
908 883 935 933 et
947 877 1044 933 iuven·
1099 871 1264 934 incaustum
1282 884 1366 936 tuum
1382 879 1490 954 pingue
1506 881 1556 937 fiat
1570 885 1652 952 (Psot.
1668 889 1731 956 xix).
1747 909 1759 937 l

214 968 264 1022 tus
274 969 436 1036 est,verum
450 970 531 1038 pater
540 969 569 1021 et
578 965 652 1022 servi
663 965 744 1022 illius
756 967 935 1026 sacrosancti
947 965 1042 1044 vituli,

214 1058 265 1130 qui
282 1064 400 1133 propter
415 1057 508 1116 [ilium
524 1055 640 1112 occisus
665 1060 739 1124 erat,
756 1073 843 1115 carue
859 1058 956 1114 reiecti
971 1075 1042 1130 epu·

214 1150 312 1208 lautur
325 1165 332 1204 ι
349 1148 399 1221 qui
416 1147 508 1220 petris
524 1146 618 1212 cibus,
630 1143 711 1202 salus
721 1149 766 1202 eat
780 1150 881 1202 nostra
891 1165 898 1214 ;
910 1153 938 1204 et
949 1147 1041 1220 patris
1096 1191 1144 1243 tur
1151 1189 1239 1244 etiam
1252 1207 1339 1257 nunc,
1349 1195 1377 1246 et
1387 1189 1483 1248 adhuc
1493 1192 1816 1251 nonvultinmimvcum
1825 1215 1876 1271 ergo

214 1236 366 1310 gaudium»
384 1239 550 1335 ¹¹9⁵ll01'ufl}
562 1237 611 1334 §²⁵²
626 1231 759 1332 ΓΕΨῙῩΕῙΟ
775 1241 972 1336 9⁰⁰⁰⁸f¹⁰¹'⁰,m’
983 1253 1041 1335 ,¹¹⁰⁰
1096 1275 1247 1348 plenitudo
1261 1279 1392 1352 gentium
1409 1281 1569 1348 intraverit,
1579 1281 1736 1355 egredietur
1746 1292 1877 1358 opportuno

213 1330 329 1382 tautum
338 1323 503 1390 Patrraserl
516 1323 580 1379 Fila
591 1323 758 1394 etSprrrtus
769 1325 1042 1390 sanct1.Qurasicut
1095 1369 1226 1442 tempore
1241 1371 1323 1440 paler
1338 1369 1413 1439 ejus,
1430 1373 1463 1424 ut
1477 1370 1567 1426 etiam
1591 1371 1684 1427 omnis
1707 1372 1784 1428 {smel
1803 1373 1878 1431 sappus

213 1433 272 1472 una
284 1413 314 1472 in
326 1414 480 1470 Divinitats
497 1411 631 1468 voluntas
646 1417 673 1468 et
685 1412 824 1484 operatio,
835 1412 876 1468 ita
888 1417 916 1468 et
927 1431 985 1470 una
994 1419 1040 1471 est
1095 1459 1154 1514 flat.
1167 1457 1206 1513 Ex
1222 1459 1306 1530 cujus
1321 1463 1403 1530 parte
1417 1459 1531 1516 mim„
1546 1460 1620 1516 pacm
1630 1465 1683 1526 est,
1693 1461 1764 1517 „glut
1775 1461 1878 1518 absenti,

212 1503 366 1562 delectatio
381 1511 489 1560 sancte
504 1508 534 1558 et
544 1501 700 1557 individua
712 1499 1037 1560 TrinitatisUndebea-
1094 1547 1122 1603 in
1139 1563 1219 1620 agro,
1236 1547 1328 1603 donec
1343 1545 1495 1620 plenitudo
1511 1547 1563 1603 mii
1580 1548 1699 1605 minoris
1717 1549 1823 1623 longow
1834 1552 1878 1606 ,da

1016 1592 1022 1606 .
1702 1591 1708 1616 2

210 1598 260 1694 tes
274 1591 422 1693 Ablffhstm
438 1592 512 1664 mm·
529 1595 580 1692 ³¹¹)
597 1593 656 1646 ΜΒ
670 1589 790 1689 ⁰⁰3⁶¹⁰f³
814 1589 945 1692 1108ρῇΘῖ
966 1609 1038 1693 f⁰⁰¹'
1092 1635 1206 1693 lolatria
1220 1635 1350 1708 gentium
1367 1635 1529 1704 constituti,
1541 1639 1637 1710 etjam
1653 1639 1687 1694 ad
1703 1643 1803 1712 patrem
1817 1640 1880 1696 redu·

211 1680 447 1756 praus,v1tulum
463 1684 655 1736 tenerrimum
678 1682 706 1734 et
720 1683 867 1751 optimum
883 1683 1036 1748 occidisse,
1091 1724 1139 1793 effi,
1157 1725 1193 1780 nd
1209 1725 1447 1783 manducandum
1463 1725 1588 1782 vitulum
1611 1725 1737 1782 imm
1752 1726 1805 1782 pm
1820 1727 1878 1782 ,nim

210 1773 334 1845 ejusque
349 1787 416 1826 cum
428 1768 513 1836 laete,
525 1771 646 1840 purast
658 1768 762 1840 butyro
773 1768 918 1840 epulando
931 1768 1038 1842 legitur
1052 1803 1075 1868 B
1090 1815 1267 1886 quandoque
1292 1817 1394 1886 aperta
1417 1815 1529 1870 vocatio
1555 1815 1718 1872 Judfflomm
1739 1814 1766 1870 in
1780 1814 1879 1870 salutem

210 1855 628 1960 ⁰itu¹i³⁵iiquiuq¹²ibiamm
638 1856 1037 1955 Trinitatemreitaedemtisp
1090 1901 1235 1975 Evangelii
1264 1919 1352 1974 quam
1376 1900 1561 1957 manifestam
1577 1902 1750 1959 vocationem
1767 1907 1878 1975 tanquan

210 1967 257 2006 nra
273 1947 380 2004 officiis
395 1946 523 2013 relicere,
533 1943 562 2000 id
577 1946 621 2000 est
636 1943 782 2000 laetificare
796 1944 952 2010 desiderat,
962 1963 1037 2004 mor·
1090 1945 1248 2065 egressum'
1265 1989 1358 2063 patris
1380 1989 1519 2064 apponat,
1535 1991 1572 2046 ad
1594 1991 1750 2065 rogandum
1766 1991 1879 2063 majorem

209 2043 269 2093 tem
286 2051 403 2108 quoque
418 2034 504 2091 dehet
520 2032 662 2106 unigeniti
679 2030 744 2088 Filii
760 2032 809 2088 Dei
825 2031 1034 2108 lucernaque
1091 2079 1130 2136 sl.

209 2129 255 2184 est
269 2123 377 2194 una,in
392 2119 553 2195 eademque
562 2119 714 2178 Trinitatis
725 2138 849 2193 persona
859 2122 911 2197 pie
924 2125 1035 2182 censes·
1101 2099 1108 2136 ¹
1124 2098 1194 2136 Μ’
1637 2185 1641 2192 „

209 2214 300 2272 sionis
313 2211 479 2271 sinceritate
491 2211 647 2268 celebrare.
659 2213 695 2268 Et
706 2212 868 2269 notandum
879 2213 957 2285 quod
968 2217 1034 2270 ante
1126 2236 1140 2263 n
1157 2215 1192 2268 At
1206 2211 1254 2268 ille
1280 2213 1469 2285 respondens,
1485 2211 1559 2268 dixit
1584 2213 1660 2286 patri
1684 2231 1734 2270 suo
1750 2229 1756 2268 :
1771 2213 1832 2268 Ecce
1850 2215 1881 2266 tct

209 2301 286 2362 stola
300 2302 405 2376 prima,
421 2304 488 2358 ants
503 2299 642 2366 annulus,
658 2304 725 2358 aute
741 2299 938 2358 calceamenta
961 2319 1034 2374 prea-
1089 2325 1103 2351 «ι
1121 2301 1208 2358 annia
1220 2301 1315 2358 servio
1330 2300 1394 2368 tibi,
1410 2305 1438 2356 et
1461 2319 1614 2374 nunqnam
1635 2302 1795 2358 mandatum
1816 2305 1880 2356 tuum

209 2397 334 2460 stantur,
350 2395 378 2448 et
393 2390 435 2447 sic
449 2389 553 2448 deinde
570 2387 679 2444 vitulus
692 2389 871 2446 immolatur.
887 2390 961 2456 Quia
977 2391 1033 2446 nisi
1089 2415 1103 2441 α
1120 2389 1274 2463 praeterivi.
1288 2413 1301 2440 a
1317 2389 1461 2455 Quaeritur
1475 2393 1625 2463 quomodo
1641 2390 1688 2447 ille
1704 2389 1882 2464 populusnnn-

208 2482 333 2556 quisque
347 2497 429 2555 apem
450 2477 683 2535 immortalitatis
699 2477 836 2549 induerit,
854 2478 910 2534 niai
925 2479 1033 2536 annulo
1088 2496 1177 2552 quam
1195 2479 1368 2536 mandatum
1383 2478 1433 2536 Dei
1446 2479 1623 2553 praeteriisse
1634 2474 1883 2536 dicatur.Sedlaeile

192 2627 194 2632 .
209 2570 276 2628 fidei
291 2586 378 2642 cpera
393 2566 666 2642 premunierit,nisi
678 2566 772 2639 ipsam
788 2566 873 2623 tidem
886 2567 1033 2641 piacontl·
1089 2568 1137 2626 ille
1152 2566 1287 2638 occurrit,
1305 2584 1399 2640 neque
1414 2567 1450 2624 da
1464 2568 1545 2624 omni
1561 2569 1700 2626 mandato
1713 2566 1812 2624 dictum
1825 2580 1882 2629 esse,

208 2655 577 2732 teudopreedicaverit,uon
589 2656 1033 2728 potestsaeramentisinteresae
1088 2657 1138 2714 sed
1150 2659 1188 2716 de
1204 2675 1262 2713 uno
1276 2655 1401 2713 maxime
1417 2656 1593 2724 necessario,
1609 2659 1679 2730 quia
1693 2655 1798 2713 nullum
1811 2653 1882 2710 alium

207 2747 384 2806 celestibus.
393 2770 406 2798 α
416 2747 451 2803 Et
459 2749 608 2818 coeperunt
617 2742 739 2817 epulari.
748 2766 762 2793 a
773 2747 835 2800 tstae
844 2744 936 2817 epula
944 2751 1033 2818 atque
1086 2747 1176 2804 Deum
1188 2745 1281 2803 colere
1289 2746 1394 2818 jussus
1406 2749 1460 2802 est.
1470 2746 1571 2820 Neque
1582 2746 1637 2804 iste
1647 2745 1724 2803 filius
1733 2743 1760 2801 iu
1771 2741 1882 2800 omnihus

207 2837 379 2896 testivitates
396 2851 473 2894 nune
487 2833 672 2892 celebrantur
689 2849 741 2905 per
763 2833 862 2890 orbem
887 2838 1032 2892 terrarum
1086 2835 1324 2904 Israeliticis,aed
1337 2835 1364 2890 in
1381 2833 1427 2890 his
1443 2834 1621 2909 intelligitur
1633 2835 1736 2892 habere
1744 2845 1882 2908 pomonam,

1135 1031 1148 1060 a
1164 1010 1337 1084 indignatus
1353 1017 1397 1070 est
1412 1018 1520 1083 autern,
1530 1019 1558 1071 et
1573 1015 1877 1079 uolebatiatroire.latcr

1097 1121 1112 1148 «
1128 1115 1196 1172 ergo
1209 1100 1288 1156 illius
1298 1117 1434 1174 egressus
1445 1103 1532 1176 capit
1542 1120 1641 1178 rogare
1651 1104 1738 1162 illum.
1749 1129 1761 1156 a
1773 1107 1877 1183 Indigna·

118 2961 125 2972 ·
208 2926 337 2984 Ecclesia
351 2925 472 2982 dilatata
487 2927 576 2995 atque
591 2921 707 2978 dillusa.
724 2920 930 2978 Vituluseuim
941 2922 990 2979 ille
1002 2923 1032 2980 ia
1086 2925 1137 2999 qui
1153 2941 1305 2998 nunquam
1321 2924 1358 2980 ab
1372 2941 1429 2980 uno
1455 2924 1514 2980 Deo
1535 2925 1573 2981 ed
1600 2923 1755 2982 simulacra
1775 2915 1883 2977 conveni

208 3032 329 3089 corpure
343 3019 371 3072 et
386 3009 529 3087 sanguine
544 3010 695 3069 Dominico
710 3014 739 3068 et
762 3011 882 3068 ollertur
899 3011 987 3085 Patri,
1004 3018 1032 3070 et
1086 3019 1165 3074 saut.
1175 3013 1313 3078 Quamvis
1324 3012 1402 3070 enim
1415 3017 1555 3086 tauquam
1568 3013 1599 3070 in
1611 3031 1681 3088 agro
1692 3011 1798 3085 positus
1808 3010 1851 3064 iste
1861 3007 1885 3060 i·

207 3103 302 3180 pascit
318 3107 408 3162 tutam
424 3103 555 3160 domum.
1087 3104 1145 3161 lius
1156 3109 1273 3160 terrena
1283 3102 1513 3170 desideraret,ah
1526 3119 1584 3158 uno
1596 3107 1694 3160 tamen
1706 3106 1760 3157 Deo
1769 3093 1884 3155 istadeai·

243 3217 257 3244 a
275 3194 343 3251 Erat
353 3196 451 3250 autem
465 3190 542 3248 filius
552 3189 649 3248 senior
659 3187 688 3244 in
702 3205 782 3262 agro.
794 3213 808 3240 u
822 3188 912 3246 Filius
922 3190 1030 3261 senior,
1046 3169 1068 3235 G
1086 3195 1208 3251 derabat
1224 3193 1310 3250 bona.
1326 3192 1407 3258 Quod
1423 3189 1511 3248 etiam
1527 3191 1621 3264 patris
1635 3191 1729 3266 ipsius
1746 3183 1885 3246 testimonio

207 3281 334 3357 populus
350 3279 438 3339 lsrael
453 3283 506 3348 est,
521 3279 571 3351 qui
588 3277 722 3350 quamvis
737 3277 766 3334 in
784 3276 974 3351 longinquam
990 3297 1032 3335 re·
1086 3282 1383 3356 comprobatur,cum
1397 3279 1484 3336 dicit:
1497 3281 1567 3338 «Tu
1581 3297 1696 3338 mecum
1712 3296 1743 3336 aa
1754 3291 1861 3349 semper·
1874 3295 1885 3321 a

206 3371 321 3445 monem
339 3385 395 3425 non
411 3367 525 3434 abierit,
543 3369 714 3422 nontamen
731 3364 821 3432 domi,
838 3367 889 3422 sed
913 3365 943 3422 in
961 3383 1031 3440 agro
1087 3373 1148 3430 Noa
1160 3371 1239 3428 euim
1251 3369 1335 3443 quasi
1347 3368 1537 3426 mentientem
1550 3370 1713 3444 redarguit,
1722 3367 1770 3426 sed
1780 3377 1887 3440 perseve-

208 3459 316 3514 dieitur
331 3473 394 3514 esse
408 3456 593 3511 immoratus.
609 3451 681 3518 Quia
702 3451 829 3528 populus
843 3452 921 3510 idern
938 3471 1031 3527 neque
1086 3459 1210 3519 rentiam
1225 3459 1290 3530 ejus
1305 3457 1482 3531 approbans,
1500 3459 1536 3514 ad
1561 3459 1766 3532 perfectionem
1789 3447 1887 3528 potioris

208 3563 301 3618 usque
315 3545 352 3600 ad
367 3541 487 3600 colenda
509 3541 588 3598 idola
601 3541 764 3598 Creatorem
781 3542 920 3609 deseruit,
936 3560 1031 3616 neque
1085 3545 1691 3622 atquejucundiorisexsultationisinvitat.
1700 3569 1714 3596 n
1721 3546 1887 3614 utnusquam

207 3634 281 3709 lagia
296 3649 385 3707 quam
400 3634 551 3704 acceperat
564 3629 703 3687 interiora
717 3630 878 3704 penetravit
893 3648 900 3688 ι
918 3633 969 3689 aed
986 3631 1030 3689 lit·
1084 3638 1189 3696 dedisti
1202 3635 1531 3702 mihihaadum,utcnm
1541 3635 1646 3694 amieis
1659 3635 1732 3720 rupis
1742 3631 1886 3708 epularer.»

207 3727 274 3782 tera
289 3721 385 3779 solum
401 3719 534 3778 custodia
554 3724 718 3788 contentus,
735 3719 877 3778 exteriora
893 3722 986 3796 nangis
1001 3729 1031 3780 et
1085 3729 1221 3786 Peccator
1234 3723 1364 3798 proiecto
1379 3724 1453 3782 hedi
1466 3725 1584 3783 nomine
1594 3724 1756 3800 significari
1766 3719 1840 3788 soliti,
1848 3716 1887 3774 ³01¹

207 3817 323 3872 terrena
337 3809 451 3884 operari
467 3807 556 3866 simul
573 3811 601 3864 et
624 3824 740 3880 sperare
764 3809 884 3876 solebat,
906 3811 1029 3868 audiens
1084 3816 1161 3875 absit
1175 3820 1207 3872 ut
1220 3813 1436 3870 Antichristum
1452 3813 1627 3888 intelligam.
1643 3813 1806 3874 Absurdum
1825 3807 1888 3865 enim

206 3919 258 3977 per
271 3901 444 3974 Prophetam
457 3915 463 3954 ι
476 3922 490 3948 n
503 3895 1030 3968 Sivolueritisetaudieritieme,bona
1084 3911 1217 3971 aetnam
1234 3902 1281 3960 cui
1296 3903 1403 3960 dieitur
1415 3920 1421 3960 :
1434 3927 1448 3954 a
1465 3903 1507 3959 'lu
1524 3920 1641 3960 mecum
1657 3921 1689 3962 es
1704 3895 1889 3974 semperpihcc

207 3997 290 4050 terre
314 3987 473 4046 comedetis
493 3987 559 4058 (lea.
575 3991 606 4056 1).
625 4009 639 4034 »
656 4017 689 4026 —
704 4009 717 4036 «
735 3987 850 4044 Etcum
867 3988 986 4057 veniret,
1002 3994 1030 4048 et
1084 4001 1197 4068 epatre
1221 3996 1398 4066 optassent
1421 3991 1636 4048 Antichristum
1659 3992 1795 4054 crederet,
1814 3998 1890 4056 neque

207 4105 220 4132 a
238 4079 487 4154 appropinquaret
512 4075 623 4142 domui,
640 4074 751 4132 audivit
772 4077 976 4149 symphoniam
1001 4085 1030 4137 at
1084 4081 1203 4142 omuino
1218 4081 1249 4138 in
1265 4079 1307 4136 eis
1322 4079 1563 4152 ludaeorum,qui
1577 4079 1758 4137 Antichristo
1773 4068 1891 4132 credituri

87 4207 95 4227 .
206 4195 220 4222 «
230 4169 362 4228 cherum.
375 4162 705 4240 »appropinquatfilina
714 4164 894 4232 domninum
904 4166 1029 4239 populus
1084 4177 1163 4241 sunt,
1176 4171 1267 4228 istum
1279 4167 1384 4226 Filium
1397 4168 1441 4226 las
1450 4173 1496 4226 eat
1505 4167 1640 4242 intelligi.
1653 4168 1800 4238 Quomodo
1810 4167 1890 4220 auum

205 4260 267 4330 ille,
279 4259 309 4316 in
325 4257 549 4332 quibuscunque
565 4252 730 4312 lsraeliticis
747 4254 1029 4314 considerationibus
1084 4259 1252 4333 epularetur
1265 4273 1300 4315 ex
1314 4255 1364 4312 illo
1381 4255 1475 4324 haedo,
1500 4255 1525 4314 si
1550 4256 1613 4329 ipsa
1640 4262 1687 4314 est
1705 4251 1890 4312 Antichristus,

205 4351 284 4424 (uam
295 4347 381 4406 multi
391 4345 464 4404 tales
474 4343 659 4401 inventisunt
669 4342 697 4397 in
708 4342 1030 4417 eis,etsrapeinveuiun-
1083 4349 1133 4420 qui
1148 4365 1206 4403 non
1221 4345 1246 4403 ei
1262 4345 1392 4402 crederet
1404 4348 1415 4401 t
1425 4345 1482 4400 Aut
1496 4344 1520 4401 si
1540 4345 1592 4405 hoc
1607 4351 1654 4403 est
1669 4343 1779 4418 epulari
1791 4335 1893 4397 exhadi
1917 4345 1919 4350 '

204 4437 369 4508 tunlabore
379 4433 475 4492 servili
484 4431 580 4507 operis
589 4432 922 4505 improbato,exeisdom
935 4433 1029 4508 Scripss
1084 4436 1238 4503 occisione,
1250 4435 1328 4508 quod
1344 4439 1389 4492 est
1401 4435 1436 4490 de
1451 4433 1622 4491 Antichristi
1636 4434 1796 4508 perditione
1807 4424 1891 4488 tauri,

205 4527 281 4584 turis
291 4525 425 4583 Ecclesiae
435 4523 600 4580 libertatem
611 4519 786 4578 considerat.
795 4521 884 4577 Audit
894 4523 1029 4596 sympho-
1044 4533 1067 4600 ὓ
1082 4525 1228 4600 quomodo
1243 4523 1316 4579 dicit
1330 4521 1434 4594 Filius,
1450 4540 1539 4596 quem
1554 4523 1660 4598 recipit
1675 4528 1768 4597 pater,
1786 4521 1835 4576 hoc
1848 4513 1893 4571 sibi

206 4615 284 4672 niam
295 4617 324 4670 et
335 4613 468 4681 chorum,
479 4611 589 4670 scilieet
599 4609 704 4683 spiritu
715 4607 818 4681 plenos
831 4611 952 4668 vocibus
963 4629 1028 4668 eon·
1082 4632 1140 4671 non
1156 4613 1246 4669 luisse
1262 4626 1448 4680 concessum,
1460 4629 1527 4668 cum
1544 4627 1647 4668 omnes
1663 4611 1718 4668 filii
1728 4609 1777 4668 Dei
1787 4609 1820 4664 de
1829 4603 1893 4660 illius

205 4703 286 4762 sonis
310 4702 499 4776 Evangelium
522 4699 689 4773 praedicare.
707 4698 818 4765 Quibus
847 4699 959 4758 dictum
986 4707 1031 4758 est
1084 4701 1242 4760 adversarii
1253 4701 1440 4758 damnatione
1451 4699 1575 4757 laetaturi
1586 4699 1894 4764 sunthimirumergo

206 4797 231 4865 (l
245 4795 310 4863 Cor,
324 4796 360 4862 r):
373 4791 525 4848 «Obsecro
540 4787 769 4854 vos,iratres,ut
783 4785 912 4860 idipsum
926 4789 1030 4848 dicatis
1084 4792 1181 4864 ipsum
1198 4788 1354 4847 Dominum
1371 4789 1427 4846 sihi
1444 4795 1581 4863 negatum
1599 4789 1635 4847 ad
1652 4789 1829 4864 epulandum
1840 4797 1895 4838 con·

206 4901 319 4952 omnes,
335 4886 364 4939 et
378 4879 560 4938 concorditer
575 4874 810 4934 conversantium
832 4876 871 4932 sit
889 4877 987 4934 anima
1002 4884 1031 4936 et
1085 4881 1227 4953 queritur,
1242 4881 1313 4935 dum
1329 4895 1397 4936 eum
1416 4883 1599 4952 peccatorem
1623 4881 1720 4952 putat.
1736 4878 1807 4936 Cum
1830 4871 1895 4930 enim

207 4988 256 5027 cor
270 4987 363 5026 unum
379 4972 408 5026 iu
422 4969 525 5025 landes
538 4965 600 5023 Dei.
618 4988 632 5016 »
1084 4969 1185 5026 hedua
1198 4967 1239 5024 illi
1250 4968 1329 5042 genti
1340 4967 1483 5026 Dominus
1492 4967 1658 5040 videbatur,
1668 4969 1698 5025 id
1710 4972 1756 5025 est
1766 4981 1830 5023 cum
1840 4975 1894 5018 eum

200 5077 205 5084 ·
243 5081 256 5107 a
274 5059 309 5114 Et
323 5056 433 5114 vocavit
448 5073 539 5113 unum
555 5056 591 5112 de
605 5054 706 5124 servia,
719 5058 748 5110 et
762 5052 951 5128 interrogavit
966 5074 1030 5130 quae
1084 5056 1203 5116 Sabbati
1219 5055 1387 5115 violatorem
1401 5063 1429 5114 et
1439 5057 1654 5130 profanatorem
1669 5055 1744 5132 legis
1754 5049 1895 5112 existunt

208 5145 268 5203 hac
280 5148 388 5202 essent.
402 5166 416 5194 »
433 5145 518 5201 Vocat
532 5161 625 5201 unum
642 5143 678 5200 de
692 5142 871 5211 serviacum
888 5145 979 5202 sunsit
994 5147 1030 5203 ad
1081 5145 1240 5220 jucundari
1263 5144 1357 5219 epulis
1379 5146 1443 5218 ejus
1467 5163 1525 5204 non
1551 5146 1667 5204 meruit.
1684 5145 1723 5202 Ut
1745 5143 1821 5217 quod
1842 5139 1894 5194 ait:

208 5233 362 5308 legendum
378 5231 503 5305 aliquem
520 5233 784 5306 prophetarum,·et
798 5232 828 5286 in
843 5249 876 5288 eo
897 5250 1031 5306 quaereas
1087 5235 1270 5308 «Nunquam
1287 5233 1393 5291 dedisti
1416 5235 1488 5291 mihi
1514 5235 1640 5304 haedum,
1659 5237 1692 5290 ut
1718 5249 1786 5289 cum
1809 5220 1896 5286 amicit

208 5321 424 5396 quodammodo
436 5320 690 5394 interrogat,unde
704 5322 759 5378 ista
775 5322 847 5378 lesia
862 5321 891 5378 in
903 5323 1031 5380 Ecclesia
1085 5325 1158 5382 meis
1173 5323 1316 5398 epularer,
1329 5346 1342 5374 a
1359 5323 1417 5382 tale
1433 5324 1472 5382 sit
1486 5341 1520 5381 ac
1531 5324 1556 5380 si
1567 5323 1764 5390 diceret,eum
1776 5316 1824 5392 qui
1836 5311 1897 5370 mihi

206 5410 400 5477 celebrantur,
411 5409 441 5465 in
456 5407 564 5482 quibus
579 5427 611 5466 se
623 5426 688 5466 cese
699 5427 756 5467 nou
767 5410 854 5467 videt.
864 5411 1029 5486 Respondet
1084 5414 1186 5470 hadas
1200 5413 1523 5487 videbatur‚uuuquam
1535 5411 1607 5468 mihi
1622 5411 1659 5467 ad
1673 5409 1851 5485 epulandum
1861 5401 1898 5456 dc

205 5501 232 5558 ei
247 5515 348 5558 servus
363 5499 453 5572 patria
470 5497 631 5572 propheta:
1084 5503 1154 5560 disti
1171 5519 1177 5532 ·
1194 5519 1227 5558 eo
1248 5501 1312 5574 ipso
1336 5502 1408 5558 mihi
1433 5500 1516 5558 illum
1541 5502 1640 5575 ipsum
1663 5517 1723 5556 non
1750 5494 1898 5556 concedens

242 5613 255 5642 a
274 5589 372 5648 Frater
387 5593 456 5646 tuus
468 5586 594 5654 venibat
606 5586 711 5645 occidit
726 5593 808 5661 pater
822 5593 892 5646 tuus
903 5591 1028 5649 vitulum
1084 5592 1161 5665 quod
1174 5589 1246 5647 mihi
1258 5589 1615 5656 haedusvidehatur.Quod
1626 5587 1707 5646 enim
1717 5587 1825 5646 dicitu«
1835 5582 1898 5640 Cum
