3930 6172
63 315 114 383 tet
665 323 844 390 HOMHJAE
865 323 915 386 DE
936 321 1137 387 attracta.
1709 317 1771 386 282

65 459 90 512 et
103 459 230 530 paratam
247 459 380 519 ostendo.
395 482 409 512 a
424 460 496 518 Ecce
512 459 576 518 dico
591 459 687 516 vobis:
704 459 807 516 chate
820 473 885 514 oen·
900 459 925 526 Α
942 455 1278 526 lorissunt,etnondum
1290 452 1538 514 sunthrlstlani.
1549 453 1682 512 cbristus
1693 471 1769 514 nun·
1850 478 1853 486 ·

66 569 78 594 a
93 543 133 602 lcs
147 553 260 605 vestros
275 555 302 606 et
315 549 410 608 videte
422 549 565 626 regiones,
576 549 715 624 quiajam
732 547 805 604 albae
818 551 887 604 sunt
940 546 1030 602 tiatur
1046 563 1097 619 per
1112 544 1294 602 Christianos
1309 543 1429 614 amicos,
1441 547 1581 618 tanquam
1598 545 1635 602 ab
1647 532 1769 602 litamu-

65 657 76 683 ιι
92 635 124 692 ad
140 653 278 694 messem.
296 661 310 688 a
321 639 395 712 Ergo
411 657 556 696 messores
572 640 719 695 missuros
732 641 787 694 est.
941 635 1023 702 lierc,
1035 635 1089 691 hoc
1100 639 1153 702 ast,
1166 635 1295 693 Ecclesia
1305 634 1509 702 annuntiante,
1522 634 1557 689 ad
1569 633 1717 690 Christum
1726 650 1772 690 ve·

95 747 108 773 n
126 725 156 780 ln
172 725 226 782 hoc
242 727 321 784 enim
337 733 382 784 est
395 729 515 784 verbnm
539 744 650 794 verum,
668 727 737 800 quia
752 727 828 782 alius
843 729 889 783 est
942 723 1038 789 niunt,
1054 728 1082 779 et
1097 725 1220 780 credunt
1232 741 1283 797 per
1293 724 1379 780 istam
1394 720 1709 796 lamam'btanetapud
1722 739 1771 780 cos

66 835 78 860 a
92 813 138 884 qui
154 815 291 884 seminat,
305 823 334 872 et
348 817 423 872 alius
443 817 493 890 qui
510 817 603 876 metit.
618 840 631 867 a
645 817 681 873 Ut
696 821 724 872 ct
739 816 789 890 qui
804 815 889 872 semi·
942 813 1041 879 biduo,
1056 812 1110 869 bno
1126 817 1170 870 cst
1184 814 1234 869 dat
1256 812 1314 869 iltis
1328 813 1385 868 dno
1401 815 1544 886 precepta
1559 810 1721 868 charitatis.
1737 811 1772 868 nt

69 907 111 956 nat
125 902 214 958 simul
228 906 367 976 gaudeat,
384 912 412 961 et
427 906 478 979 qui
493 906 585 963 metit.
943 901 1038 958 multo
1054 901 1153 974 plures
1164 902 1287 958 credunt
1299 901 1328 956 in
1340 917 1407 958 eum
1420 899 1546 970 firmius,
1559 900 1698 974 quoniam
1710 899 1772 974 ipsc

99 1014 112 1041 a
125 992 183 1064 ligo
199 993 266 1049 misi
282 1010 332 1051 vos
350 998 468 1060 metere,
485 996 562 1067 quod
578 1011 628 1052 vos
644 1012 700 1051 non
716 994 885 1052 laborastis.
938 1007 1007 1046 vere
1018 993 1063 1046 est
1078 990 1209 1047 Salvator
1224 988 1338 1046 mundi·

72 1079 143 1135 «atii
159 1077 375 1152 laboraverunt,
389 1089 417 1139 et
428 1101 479 1139 vos
489 1083 519 1140 in
543 1083 658 1141 labores
673 1101 774 1140 corum
791 1084 885 1140 intro·
1449 1134 1457 1144 .

74 1168 166 1225 aistis.
180 1192 194 1218 n
205 1170 278 1226 Nam
290 1171 340 1227 ubi
349 1172 412 1243 jam
425 1171 589 1228 laboratum
602 1177 673 1240 erat,
687 1173 790 1247 utique
803 1172 888 1229 semi·
1208 1131 1361 1190 ΗΟΜΠᾸΑ
1386 1133 1514 1236 ΗΜΠΖ

75 1263 162 1313 natum
175 1265 253 1326 erat;
265 1264 294 1314 et
304 1260 381 1332 quod
392 1261 570 1316 seminatum
582 1266 653 1331 arat,
663 1263 726 1334 jam
739 1266 888 1319 maturam
1194 1239 1319 1280 “mm
1339 1239 1409 1278 ⁹⁰⁹²
1435 1223 1523 1280 om·

76 1347 170 1402 lactum
185 1347 289 1403 falcem
305 1355 334 1404 et
354 1349 489 1405 trituram
510 1350 704 1408 desiderabat.
730 1353 792 1418 Quo
820 1369 888 1426 ergo
980 1349 1074 1418 (lora.
1099 1347 1170 1420 vin).
1197 1371 1210 1398 «
1229 1353 1259 1404 ln
1276 1347 1325 1403 illc
1341 1351 1481 1422 ternpore,
1502 1345 1628 1420 perrexit
1641 1347 1728 1406 lesus
1743 1347 1772 1405 in

76 1441 146 1491 emat
160 1451 302 1492 messores
315 1437 473 1494 mittendi?
486 1439 537 1494 Ubi
546 1441 608 1511 jam
622 1441 767 1514 prophetae
784 1441 886 1514 praedi-
945 1461 959 1488 «
976 1442 1104 1492 montem
1121 1435 1233 1504 Oliveti,
1249 1441 1278 1492 ct
1296 1435 1425 1492 dilaculo
1440 1437 1545 1494 iterum
1561 1436 1683 1494 venitin
1699 1441 1773 1495 tem·

76 1530 207 1580 raserunt.
226 1526 283 1598 Ipsi
300 1527 378 1582 anim
401 1528 595 1586 seminatores
623 1529 751 1586 inerunt.
775 1529 848 1586 Nam
865 1529 890 1586 si
945 1550 959 1578 a
978 1525 1095 1600 pluma
1116 1525 1276 1598 etreliqua.
1288 1524 1775 1598 MonsquippeOIivetisublimita·

74 1611 122 1685 ipsi
136 1631 189 1668 non
203 1615 405 1681 seminatores,
422 1618 498 1673 unde
512 1618 546 1673 ad
564 1617 644 1673 illam
660 1617 810 1676 mulierem
827 1637 888 1692 por·
944 1621 1004 1672 tem
1020 1615 1178 1672 Dominicae
1188 1614 1344 1689 passionis,
1355 1613 1773 1689 etmiscriccrdiamdesignat.

74 1707 187 1770 venerat,
203 1725 217 1752 «
226 1703 292 1760 Scio
301 1705 501 1776 quiabtessias
512 1705 629 1762 veniat»
640 1706 705 1763 Jarn
715 1707 771 1763 ista
781 1709 888 1764 mulier
946 1705 1019 1774 Quia
1029 1709 1057 1762 at
1066 1705 1163 1762 Gracc
1174 1713 1241 1768 τλεος
1254 1701 1496 1770 misericordiam,
1508 1702 1644 1761 olivetum
1653 1709 1775 1760 vocatur

73 1790 173 1846 boetus
189 1795 324 1849 maturus
339 1799 411 1861 erat,
425 1800 454 1850 et
468 1801 551 1851 erant
565 1795 638 1852 alba
655 1812 775 1866 messes,
792 1801 820 1854 et
835 1797 887 1853 lal—
947 1803 1034 1863 ἱλιών,
1051 1798 1079 1850 et
1103 1793 1168 1866 ipsa
1195 1791 1294 1849 unctio
1308 1800 1418 1864 trappa
1441 1789 1527 1850 sessis
1548 1809 1581 1848 ac
1605 1791 1775 1852 dolentibus

72 1893 127 1934 cem
142 1881 319 1952 querebant.
334 1905 348 1932 a
366 1881 432 1938 Misi
449 1900 499 1940 vos
515 1889 622 1940 metere
639 1885 716 1958 qnod
731 1903 786 1942 non
805 1887 891 1942 semi·
948 1882 1088 1940 membris
1105 1881 1178 1938 solet
1192 1881 1297 1958 alierre
1309 1881 1450 1938 levamen.
1463 1879 1522 1938 'Sed
1550 1884 1579 1936 et
1603 1879 1668 1946 hoc,
1697 1882 1775 1956 quod

73 1967 165 2024 nostis.
190 1967 242 2025 tlii
259 1969 491 2038 seminaverunt,
507 1977 536 2030 ct
549 1989 600 2030 vos
615 1973 644 2030 in
661 1991 762 2030 eorum
777 1974 891 2033 labores
946 1971 1043 2030 oleum
1059 1977 1088 2028 et
1103 1971 1208 2028 virtute
1232 1987 1265 2027 ac
1280 1969 1408 2046 puritate
1432 1969 1611 2042 praeminet,
1630 1973 1658 2026 et
1672 1985 1775 2043 quam·

72 2054 247 2114 introistis.»
278 2059 353 2125 Quid
389 2058 596 2118 laboraverunt
631 2061 695 2134 ipse
732 2063 891 2137 Abrabam,
946 2057 1776 2135 cunqueeiliquoremsuperfunderavolueris,confestim

72 2144 145 2201 Isaac
159 2152 186 2203 et
199 2147 312 2204 Jacob?
329 2153 425 2224 Legite
448 2149 562 2208 labores
577 2167 689 2208 eorum.
708 2157 739 2207 ln
753 2153 891 2210 omnibus
941 2151 1026 2207 'hunc
1040 2150 1257 2216 transcendere,
1273 2150 1358 2221 eique
1368 2146 1526 2220 superierri
1538 2146 1698 2217 consuevit,
1711 2163 1776 2222 gra-

72 2234 141 2289 enirn
160 2234 310 2292 laboribus
325 2237 479 2309 prophetia
493 2244 538 2295 est
551 2239 669 2306 Christi,
686 2245 714 2296 et
727 2241 792 2297 ideo
808 2242 892 2298 semi·
947 2240 1019 2296 tiam
1035 2237 1239 2295 misericordie
1263 2236 1389 2294 coelestis
1404 2253 1461 2292 non
1477 2235 1715 2294 inconvenienter
1729 2237 1774 2294 in-

72 2327 178 2378 natores
194 2325 309 2397 Moyses
325 2329 353 2381 et
369 2327 462 2382 ceteri
478 2328 660 2399 patriarche,
673 2334 700 2385 et
711 2347 814 2387 omnes
824 2348 892 2404 pro·
948 2327 1056 2398 sinuat,
1073 2328 1108 2386 de
1124 2345 1183 2400 qua
1193 2325 1335 2401 scriptum
1348 2329 1392 2382 es't
1404 2341 1430 2380 :a
1441 2325 1545 2382 Suavis
1558 2324 1699 2384 Dominus
1712 2324 1777 2382 uni·

75 2411 160 2482 pheta
176 2413 270 2470 multa
284 2413 466 2487 pertulerunt
481 2416 509 2471 in
522 2416 571 2474 illo
586 2418 701 2492 frigore,
715 2421 833 2491 qnando
848 2437 893 2476 se·
947 2417 1050 2482 versis,
1066 2421 1094 2474 ct
1110 2417 1312 2473 miserationes
1325 2415 1389 2488 ejus
1402 2413 1598 2487 superomnia
1609 2430 1697 2486 opera
1710 2415 1776 2487 ejus

73 2499 228 2557 minabant.
246 2503 321 2576 Ergo
336 2503 400 2575 jam
415 2504 444 2559 in
460 2504 562 2562 iudaea
584 2507 690 2563 messis
705 2513 806 2581 parata
821 2513 891 2566 crat.
950 2507 1036 2579 (Paul.
1052 2505 1153 2578 cxciv).
1172 2505 1331 2578 »Tempus
1357 2519 1474 2578 quoque
1494 2503 1627 2572 diluculi,
1644 2507 1775 2561 exortum

73 2587 170 2645 lterito
186 2591 224 2646 ibi
238 2595 384 2664 tanquam
400 2599 517 2650 matura
530 2611 612 2668 seges
630 2595 694 2667 luit,
710 2599 827 2669 quando
852 2601 895 2654 tot
949 2589 1778 2669 ejusdemgratieemuia,rcmotalcgisumbrn,lnxl}vnn·

73 2679 160 2736 millia
170 2681 324 2738 bominum
336 2683 428 2755 pretia
439 2699 536 2739 rerum
553 2701 673 2741 suarum
688 2687 895 2755 atterebant„et
949 2684 1047 2758 gelice
1062 2683 1192 2740 veritatis
1207 2689 1268 2739 erat
1283 2679 1439 2738 revelanda
1461 2668 1654 2736 domonstrat.
1680 2679 1777 2756 Pergit

74 2767 105 2822 ad
120 2769 206 2840 pedes
222 2763 423 2842 apostolorum
443 2777 586 2844 ponentes
602 2773 611 2845 (
624 2781 673 2829 tet
693 2781 735 2843 n),
753 2777 894 2848 expeditis
950 2789 1018 2846 ergo
1035 2773 1175 2829 Dominus
1192 2772 1220 2827 in
1235 2774 1366 2826 montem
1377 2767 1491 2835 Oliveti,
1505 2773 1537 2824 ut
1551 2783 1647 2826 arcam
1661 2769 1776 2826 miseri·

74 2855 356 2916 humerisasarcinis
366 2860 565 2927 secularibus,
578 2861 724 2920 Christum
737 2864 894 2922 Dominum
949 2861 1054 2918 cordiae
1065 2863 1094 2918 in
1110 2879 1141 2918 se
1156 2865 1289 2918 constare
1304 2859 1466 2916 denuntiet.
1476 2857 1563 2914 Venit
1577 2857 1683 2914 iterum
1699 2857 1776 2914 dilu-

73 2947 276 3017 sequebantur.
287 2948 612 3008 Veramaturamessis.
625 2951 774 3017 Ouidindc
786 2955 894 3011 lactum
950 2950 1015 3007 culo
1031 2951 1061 3006 in
1078 2951 1232 3024 templum,
1248 2954 1281 3006 nt
1295 2950 1426 3005 ennrdnna
1444 2947 1686 3015 misericordiam,
1708 2963 1775 3006 cum

71 3035 180 3092 astrue
192 3036 258 3110 ipsa
268 3038 542 3109 messeeJ'ectasunt
552 3055 646 3110 pauca
657 3057 757 3112 grana,
770 3046 798 3098 at
807 3043 895 3099 semi·
949 3039 1106 3112 incipiente
1116 3041 1186 3097 Novi
1197 3039 1362 3096 testamenti
1374 3037 1494 3102 lumine,
1507 3035 1617 3108 templo
1627 3035 1775 3106 (fidelibus

73 3129 208 3181 naverunt
233 3127 334 3183 orbem
360 3133 525 3197 terrarum;
542 3133 570 3184 et
596 3130 691 3202 surgit
706 3130 764 3187 alia
778 3131 893 3199 messis,
951 3128 1093 3202 videlicet)
1103 3145 1157 3186 suo
1170 3129 1355 3202 pandendam
1367 3125 1612 3200 prebendamque
1621 3123 1774 3198 significet.

74 3227 132 3284 que
147 3214 175 3269 in
197 3215 286 3272 finem
311 3215 408 3272 saculi
426 3216 563 3274 metenda
588 3222 642 3274 est.
666 3219 706 3274 td
723 3219 809 3276 istam
826 3199 931 3295 ergoG
953 3241 963 3268 ι
980 3221 1015 3276 iit
1031 3219 1128 3276 omnis
1151 3216 1272 3292 (inquit)
1296 3215 1423 3290 populus
1441 3213 1520 3270 venit
1534 3213 1570 3270 ad
1586 3229 1664 3269 aum.
1678 3213 1715 3268 lit
1730 3231 1775 3271 se·

73 3317 192 3359 messem
206 3321 264 3361 non
281 3303 415 3378 apostoli,
428 3305 478 3360 sed
489 3305 584 3378 angeli
600 3306 768 3365 mittantur.
784 3309 894 3366 Messo—
950 3331 964 3358 a
981 3310 1064 3376 dens,
1079 3307 1200 3365 docebat
1214 3323 1275 3362 aas.
1291 3325 1305 3358 ι
1324 3302 1421 3362 Sessio
1433 3302 1560 3367 Domini,
1577 3301 1775 3360 bumilitatem

73 3403 115 3445 res
127 3389 244 3464 (inquit)
260 3391 451 3466 augeli‘sunt.
470 3394 606 3468 istaergo
617 3398 724 3454 messis
735 3399 839 3456 crescit
854 3400 895 3454 in·
949 3396 1243 3469 incarnationisejus,
1253 3383 1776 3468 perquamnobismiscreridignatus

72 3483 114 3534 ter
127 3479 244 3548 zizania,
259 3487 288 3538 et
302 3487 451 3554 exspectat
462 3485 580 3556 purgari
596 3484 625 3540 in
654 3487 721 3542 tine.
749 3486 799 3544 illa
827 3505 894 3545 roro
949 3493 1005 3554 est,
1020 3483 1161 3544 insinuat.
1179 3485 1254 3542 lianc
1267 3487 1366 3540 autem
1377 3481 1485 3538 dicitur
1500 3481 1578 3553 quia,
1590 3493 1657 3536 cam
1671 3478 1776 3538 sedens

75 3570 173 3625 messis
184 3571 247 3642 jam
264 3577 526 3644 maturuerat‚quo
536 3573 617 3646 prius
631 3574 714 3630 missi
728 3581 797 3632 sunt
807 3576 895 3636 disci·
949 3575 1066 3632 doceret
1079 3574 1178 3640 lesus,
1194 3573 1290 3630 omnis
1307 3570 1433 3645 populus
1447 3569 1527 3625 venit
1541 3568 1576 3624 ad
1593 3582 1680 3625 eum:
1696 3568 1775 3640 quia,

76 3655 143 3727 puli,
159 3659 206 3715 ubi
222 3659 370 3732 propbeta
384 3659 598 3718 laboraverunt.
614 3663 672 3719 Sed
688 3667 786 3721 tamen
802 3666 895 3724 videte
949 3671 1108 3738 postquam
1124 3661 1292 3718 bumilitate
1307 3677 1367 3717 sue
1393 3657 1604 3714 incarnationis
1626 3657 1775 3729 proximus

74 3743 139 3815 quid
154 3749 262 3804 dictum
275 3747 326 3814 sit,
340 3771 353 3799 a
363 3751 399 3804 At
409 3749 496 3805 simul
508 3751 645 3824 gaudeat,
657 3755 685 3807 ct
695 3752 746 3826 qui
757 3751 893 3824 seminat,
948 3753 1103 3810 bominum
1119 3753 1213 3808 iactus
1229 3754 1282 3813 est,
1295 3747 1433 3805 libentius
1449 3750 1494 3804 est
1506 3739 1633 3803 amultis
1644 3747 1708 3818 ejus
1719 3763 1777 3802 ser-

76 3839 101 3888 et
112 3835 259 3907 quimatit.
274 3837 580 3916 »Disperistemporis
591 3838 706 3897 labores
717 3841 893 3914 habuerunt,
949 3860 997 3899 mo
1013 3847 1163 3916 receptus:
1180 3858 1197 3897 a
1213 3838 1325 3906 multis,
1341 3837 1473 3910 inquam,
1490 3841 1535 3892 est
1549 3835 1613 3906 ejus
1624 3851 1721 3891 sermo
1730 3851 1775 3892 re·

77 3924 122 3978 sed
136 3927 239 3996 gaudio
249 3927 360 3999 pariter
370 3926 566 4000 perfruentur,
576 3929 739 3986 mercedem
751 3931 840 3988 simul
851 3949 894 3990 ne
949 3936 1061 4005 ceptus,
1087 3946 1247 4002 namquea
1269 3927 1404 4002 pluribus
1418 3929 1463 3982 ast
1486 3925 1612 3996 superba
1627 3921 1776 3998 impietate
1842 3991 1849 4004 ι

78 4015 177 4084 cepturi
190 4021 261 4072 sunt
275 4013 365 4072 vitam
382 4020 531 4072 eternum.
949 4025 1144 4092 contemptus.
1166 4016 1327 4075 tudierunt
1349 4011 1430 4072 enim'
1456 4011 1613 4080 mansueti,
1636 4015 1666 4068 at
1688 4011 1775 4069 letati

109 4123 122 4150 a
136 4101 174 4158 lix
184 4102 298 4160 civitate
313 4109 411 4161 antem
427 4105 477 4160 illa
491 4103 575 4162 multi
588 4105 774 4164 crediderunt
786 4109 894 4167 ineurn
949 4113 1028 4166 sunt.
1044 4107 1175 4180 Denique
1190 4105 1294 4174 iudei,
1306 4106 1463 4171 tentantes,
1477 4101 1662 4158 adduxerunt
1675 4099 1776 4157 malie-

82 4207 93 4234 ι
106 4189 363 4260 Samaritanorum,
377 4197 497 4266 propter
520 4193 642 4250 verbum
664 4196 795 4254 mulieris
811 4199 894 4254 testi·
949 4213 1011 4253 rem
1025 4196 1055 4252 in
1071 4196 1213 4252 adulterio
1228 4193 1451 4267 deprehensam,
1477 4189 1691 4260 interrogantes
1705 4187 1774 4260 qnid

81 4297 93 4324 a
107 4279 230 4336 monium
245 4278 521 4354 perbibentis,0uia
534 4281 607 4338 dixit
618 4281 689 4339 mibi
706 4284 803 4340 omnia
819 4303 895 4359 que·
949 4287 985 4342 dc
997 4303 1032 4342 ea
1044 4285 1105 4342 lieri
1118 4285 1244 4356 juberet,
1262 4279 1402 4356 quoniam
1419 4275 1776 4350 Moysaa'talemiapidare

82 4381 211 4442 «cunque
223 4367 286 4427 leci.
300 4367 372 4425 Curn
381 4371 532 4427 venissent
543 4375 643 4428 autern
654 4371 689 4428 ad
701 4372 784 4430 illum
794 4378 894 4431 Sama·
948 4375 1146 4432 mandaverat.
1163 4371 1199 4427 Ut
1214 4370 1238 4425 ai
1255 4373 1284 4426 at
1299 4369 1361 4441 ipse
1380 4367 1456 4424 hanc
1471 4363 1658 4437 lapidandam
1674 4363 1775 4420 decer-

83 4454 195 4526 ·rltani,
209 4463 386 4531 rogaverunt
401 4475 468 4514 earn
484 4462 518 4514 ut
544 4458 620 4532 apud
638 4475 688 4517 eos
705 4464 846 4520 maneret.
861 4465 896 4520 nt
949 4468 1041 4527 aeret,
1067 4461 1230 4518 deriderent
1243 4473 1322 4526 cum,
1337 4457 1422 4530 quasi
1446 4445 1663 4520 misericordie,
1686 4467 1775 4525 quam

83 4546 208 4601 «mansit
223 4546 263 4602 ibi
274 4547 350 4603 duas
360 4547 432 4604 dies.
447 4547 482 4603 nt
492 4546 586 4604 multe
600 4548 698 4620 plures
709 4551 895 4609 crediderunt
910 4573 933 4639 D
949 4568 1064 4625 sempor
1078 4551 1209 4617 docebat,
1226 4547 1350 4605 oblitum
1365 4562 1372 4603 :
1388 4545 1413 4602 si
1428 4541 1558 4618 lapidare
1570 4544 1688 4611 vetaret,
1704 4540 1775 4599 stri-

82 4639 215 4707 «prupter
227 4647 393 4693 sermonem
404 4638 479 4710 ejus.
489 4637 523 4692 nt
534 4635 650 4693 mulieri
662 4637 810 4696 dicebant:
823 4641 895 4706 Ouia
949 4641 1050 4699 derant
1065 4641 1095 4698 in
1108 4655 1175 4696 enm
1192 4637 1329 4696 dentibus
1340 4635 1413 4705 suis,
1428 4637 1457 4692 et
1466 4630 1550 4708 quasi
1562 4632 1704 4688 fautorem
1716 4645 1776 4688 sce·

81 4719 893 4802 «alainnonproptertuamloqaelamcredimus,ipsienim
948 4730 1054 4799 lerum,
1070 4728 1187 4803 legique
1212 4725 1391 4784 contrarium
1415 4720 1495 4780 velut
1518 4720 1622 4776 merito
1650 4719 1774 4777 damna-

83 4811 274 4883 «muamus,
287 4816 317 4870 et
329 4813 443 4870 scimus
459 4813 529 4887 quia
543 4813 591 4870 bio
615 4819 660 4871 est
676 4829 746 4874 uere
762 4817 895 4877 Salvator
948 4823 1023 4878 rant.

85 4901 233 4957 rotundi.»
251 4901 286 4957 ut
298 4899 353 4957 boc
372 4901 514 4974 paulatim
534 4902 826 4963 animadvertendum
836 4911 892 4978 est,
986 4931 1000 4960 a
1014 4909 1101 4966 Jesus
1116 4911 1224 4974 autam,
1241 4904 1387 4962 inclinans
1398 4903 1588 4969 sadaorsnm,
1599 4897 1690 4973 digito
1702 4897 1774 4954 scri-

83 4987 138 5057 quia
150 4988 232 5046 lectio
247 4989 409 5047 terminata
423 4995 478 5046 est.
496 4985 601 5047 Mulier
616 4991 711 5066 prima
735 4994 891 5066 nuntiavit,
948 5023 963 5052 n
980 4999 1067 5055 hebet
1082 4999 1110 5052 in
1125 4999 1212 5052 terra.
1228 5017 1242 5044 n
1257 4994 1312 5051 Per
1325 4991 1543 5049 inclinationem
1562 4987 1642 5056 lesu,
1657 4986 1776 5044 humili·

81 5078 890 5156 etadmulieristestimoniumcredideruntSamaritani,
947 5093 993 5146 tas
1008 5105 1014 5144 :
1032 5103 1084 5159 per
1108 5084 1245 5158 digitum,
1274 5083 1323 5155 qni
1350 5079 1541 5138 articulorum
1562 5073 1773 5152 compositione

76 5166 281 5241 arrogaverunt
295 5185 363 5226 euru
380 5169 505 5243 utapad
516 5185 565 5226 eos
582 5175 723 5226 maneret.
737 5173 773 5228 ut
784 5173 893 5230 mansit
947 5174 1082 5236 flexibilis
1105 5179 1160 5238 est,
1185 5169 1334 5228 subtilitas
1362 5169 1547 5228 discretionis
1577 5167 1771 5242 exprimitur;

83 5249 115 5308 ibi
126 5256 219 5324 biduo,
240 5261 271 5314 st
285 5256 385 5330 plures
399 5258 594 5316 crediderunt.
609 5257 644 5315 ut
664 5273 732 5316 cum
753 5262 892 5323 credidis·
947 5281 1033 5340 porro
1046 5267 1226 5336 perterram,
1236 5259 1469 5329 corbumannm,
1484 5259 1561 5332 quod
1573 5255 1617 5314 val
1628 5257 1771 5313 bonarum

83 5349 144 5416 sent,
155 5346 289 5422 dicabant
305 5345 439 5420 mplieri:
457 5369 473 5400 a
486 5347 548 5406 Non
559 5349 622 5419 jem
638 5352 757 5421 propter
770 5351 891 5409 verbum
945 5353 988 5410 vel
1006 5351 1149 5409 malarum
1161 5347 1310 5405 auianum
1325 5345 1399 5405 solet
1409 5347 1529 5405 reddere
1540 5347 1665 5412 fructus,
1676 5349 1772 5403 osten·

83 5431 316 5502 taum-credimus,
327 5435 376 5492 sed
387 5436 444 5509 ipsi
453 5437 653 5510 ccgncumua
665 5443 694 5494 at
704 5439 814 5496 scimus
823 5441 893 5513 quia
945 5443 1034 5498 ditur.
1052 5437 1220 5495 Postulatus
1235 5451 1303 5510 ergo
1319 5435 1462 5492 Dantinus
1473 5435 1606 5507 judicare
1621 5434 1656 5490 de
1669 5449 1770 5508 pecca-

83 5517 120 5575 bic
132 5529 172 5580 est
190 5541 256 5582 aare
280 5524 411 5580 Salvator
426 5525 539 5581 mundi.
556 5548 570 5576 n
588 5524 685 5582 Primo
705 5544 756 5600 per
770 5529 889 5600 lamam,
940 5531 1026 5598 trice,
1042 5544 1100 5583 noa
1116 5523 1215 5583 statim
1232 5525 1282 5580 dat
1301 5525 1459 5597 judicium,
1476 5525 1526 5580 sed
1542 5523 1625 5597 prius
1640 5537 1671 5578 aa
1686 5520 1770 5577 ineli-

80 5615 166 5678 praa
176 5613 432 5687 perpresentiam,
446 5614 489 5671 sic
504 5613 600 5687 agitur
610 5614 772 5673 bodiaonrn
785 5617 828 5675 eis
839 5620 890 5691 qui
945 5635 1019 5676 nans
1034 5619 1181 5685 deorsum,
1193 5614 1285 5688 digito
1301 5615 1404 5672 scribit
1416 5614 1444 5673 iu
1456 5618 1543 5680 tetra,
1557 5609 1768 5668 ssssssilflssffllm
