3872 6168
168 289 228 386 'ns
454 323 658 391 narnoms
680 327 941 394 nannnnsrar
965 327 1086 392 serso.
1110 327 1197 394 orn.
1220 325 1321 392 raes
1342 326 1381 393 n.
1397 360 1436 375 -
1450 325 1581 394 nonin.
1783 335 1829 398 nc

168 455 322 526 bulaverit,
333 457 383 514 sed
399 457 486 516 ctiam
502 459 596 533 Petro,
606 478 695 533 snpra
705 479 785 520 marc
798 469 829 519 ut
844 461 995 520 ambulare
1008 465 1035 531 Α
1051 465 1134 518 nocte
1148 459 1314 519 laborantes
1336 459 1408 520 nibil
1424 461 1576 536 cepissent,
1593 479 1654 519 mox
1667 461 1699 520 ed
1713 464 1767 534 ejus
1776 467 1830 538 jus·

169 551 279 621 posset,
295 545 408 604 dederit
433 565 564 606 mantem.
588 552 629 607 Ad
656 552 733 624 qnod
755 551 912 609 dicendum
937 557 992 621 est,
1049 550 1161 607 sionem
1178 556 1289 608 tentam
1307 551 1523 608 multitudinem
1540 551 1657 625 piscium
1671 561 1798 626 ceperunt,
1807 563 1832 612 ut

169 634 304 708 quianon
315 634 993 713 hocDominuspropterimpossibilitatem,sed
1048 643 1108 696 rete
1123 639 1238 698 trahere
1253 658 1309 697 non
1326 642 1464 698 valerent.

169 725 470 797 proptcrmystsrium
481 727 555 784 lenit.
568 729 788 804 Permareergo
800 731 842 804 (nt
854 733 995 800 diximus)
1085 751 1099 779 ι(
1126 730 1201 786 Dicit
1229 730 1277 786 ille
1303 729 1467 802 discipulus
1495 747 1579 802 quem
1610 730 1737 804 diligebat
1763 733 1832 791 lesus

170 811 309 868 saeculum
327 814 517 886 significatur.
531 817 669 891 Discipuli
683 836 751 893 ergo
766 821 795 876 in
811 821 884 876 mari
901 826 993 888 erant,
1049 839 1063 868 ιι
1080 817 1163 874 Ρειιο
1181 835 1188 873 :
1205 818 1348 876 Dominus
1362 823 1415 874 est.
1433 841 1447 869 a
1464 819 1497 874 nt
1511 819 1579 891 qnia
1599 818 1670 875 inter
1689 835 1777 875 cmiies
1788 822 1831 876 eir·

170 901 241 972 quia
256 900 333 957 inter
348 901 454 960 lluctns
469 906 565 960 ementi
586 906 676 978 hujus
702 909 797 980 adbuc
811 909 993 966 laborabant.
1049 911 1126 962 tutes
1141 907 1291 980 virginalis
1313 908 1465 980 integritas
1489 909 1613 980 quodam
1628 907 1762 982 privilegio
1775 926 1833 980 pre·

170 990 313 1046 Dominus
329 997 427 1048 autem
453 994 481 1049 in
505 994 599 1052 littore
623 998 713 1064 stetit,
739 997 807 1072 quia
833 999 870 1054 ab
893 1016 994 1056 eorum
1049 994 1834 1069 celiit,rccteincorruptibileDominicorpusincorrnptus

170 1078 357 1150 corruptione
372 1087 401 1136 ει
417 1083 593 1140 mortalitate
604 1084 717 1142 alienus
727 1091 798 1144 erat.
810 1090 849 1144 Ac
862 1089 886 1144 si
900 1089 995 1145 verbis
1049 1084 1129 1157 virgo
1155 1086 1234 1157 prior
1256 1086 1422 1158 recognovit
1444 1086 1569 1142 Jounnes
1590 1085 1702 1152 scilicet,
1717 1087 1789 1157 cujus
1801 1091 1836 1141 est

170 1167 278 1222 diceret
292 1183 298 1221 :
314 1168 380 1224 dam
397 1171 478 1226 vobis
493 1171 522 1226 in
537 1173 678 1231 marierun
693 1193 828 1249 appareo,
842 1176 996 1250 quiainter
1049 1171 1104 1228 hoe
1120 1174 1317 1247 Evangelium.
1335 1176 1389 1232 Sed
1414 1191 1480 1230 cum
1505 1192 1606 1231 omnes
1628 1175 1765 1230 audissent
1783 1175 1836 1246 qnia

171 1255 277 1311 lluctus
293 1257 392 1313 sceculi
406 1260 557 1317 vobiscum
583 1265 779 1321 communiter
799 1266 942 1322 convivo.
961 1267 996 1323 ut
1049 1263 1191 1318 Dominus
1207 1269 1261 1330 esi,
1278 1264 1327 1336 qui
1348 1281 1415 1320 eum
1440 1281 1498 1336 Diffi
1520 1263 1627 1320 caetcris
1649 1263 1756 1328 amaldi,
1776 1262 1837 1336 Prior

171 1343 224 1400 hoc
240 1349 285 1400 est
300 1347 377 1418 quod
395 1347 463 1404 olibi
480 1350 539 1406 ait:
554 1375 564 1401 ι
579 1352 642 1407 Hmc
655 1358 725 1409 sunt
735 1355 824 1411 verba
838 1373 901 1428 qnae
916 1355 995 1412 locu·
1048 1351 1145 1407 venire
1169 1352 1324 1409 festinavit.
1342 1353 1424 1410 Unde
1448 1353 1584 1409 subditur
1599 1369 1605 1408 :
1622 1374 1636 1402 e
1651 1351 1743 1408 Simon
1757 1351 1837 1406 Petrus

171 1437 220 1487 tus
235 1449 300 1488 sum
319 1437 353 1490 nd
371 1453 431 1504 vos,
447 1456 514 1494 cnm
530 1440 626 1497 adhuc
640 1458 733 1498 essem
752 1445 901 1501 vobiscum
918 1447 993 1513 (buc.
1050 1463 1064 1491 e
1080 1458 1146 1496 cum
1160 1441 1290 1498 audisset
1305 1442 1375 1516 qnia
1390 1442 1531 1498 Dominus
1546 1447 1599 1508 est,
1615 1439 1709 1496 tunica
1722 1439 1838 1494 succinxit

170 1525 256 1590 luDV)-
272 1545 285 1572 ³¹
568 1562 577 1585 ι
1050 1552 1064 1579 «
1082 1547 1112 1586 se
1129 1553 1143 1580 a
1158 1531 1323 1604 (eratenim
1340 1533 1449 1600 nudus)
1464 1555 1478 1580 α
1496 1535 1524 1587 ει
1548 1531 1628 1588 misit
1648 1547 1678 1585 se
1690 1529 1717 1584 in
1732 1545 1806 1592 mare,
1818 1533 1839 1581 et

210 1633 220 1660 ι
238 1611 313 1668 Dicit
327 1629 396 1686 ergo
412 1615 453 1672 eis
468 1617 555 1674 Jesus
573 1637 579 1674 ι
597 1619 692 1688 Pueri,
712 1621 844 1693 nunquid
863 1623 995 1695 pulmen·
1051 1641 1065 1669 n
1082 1619 1261 1692 pervenitad
1287 1621 1400 1676 Jesum.
1418 1643 1429 1672 ι
1448 1620 1479 1676 ln
1506 1619 1606 1674 multis
1628 1618 1697 1674 locis
1721 1614 1838 1688 Evangelii

172 1720 187 1748 c
204 1699 312 1756 terium
336 1701 475 1760 habetis?
490 1707 714 1779 Responderunt
737 1711 787 1766 ei:
813 1713 885 1766 Non.
904 1733 917 1760 a
932 1712 995 1768 Non
1051 1708 1280 1775 demonstratur,
1296 1710 1372 1782 quod
1398 1727 1456 1782 prm
1481 1709 1592 1764 ceteris
1606 1706 1748 1779 discipulis
1760 1706 1840 1760 Petrus

171 1785 311 1860 ignorans
326 1789 468 1850 Dominus
479 1794 666 1870 interrogavit
678 1798 848 1871 discipulos,
860 1802 909 1857 sed
921 1805 953 1857 ut
962 1819 996 1856 cx
1050 1796 1208 1853 Dominum
1219 1797 1442 1854 dilexeritNam
1455 1814 1522 1852 cum
1532 1815 1562 1854 se
1573 1812 1723 1870 passurum
1733 1794 1840 1850 Hieroso·
1921 1795 1922 1798 ’

173 1877 782 1944 communilocutionesuamdemonstraret
790 1889 994 1962 cognitionem.
1050 1884 1137 1959 lymis
1152 1885 1329 1958 prediceret,
1345 1887 1445 1943 dicens
1461 1904 1468 1942 :
1485 1909 1499 1938 «
1516 1889 1586 1943 liene
1607 1883 1778 1942 ascendimus
1790 1881 1841 1936 Hie·
1921 1887 1922 1896 ¹

172 1965 208 2020 nt
218 1965 337 2038 pulchre
346 1986 415 2024 suos
426 1971 585 2046 discipulos
595 1991 700 2047 pueros
711 1978 909 2035 vocavit.Puer
917 1979 996 2035 enim
1050 1974 1269 2048 rosolynram,et
1279 1975 1369 2031 Filius
1378 1975 1506 2032 hominis
1515 1975 1680 2032 tradeturin
1690 1988 1784 2028 nranus
1792 1985 1841 2042 pec·
1921 1971 1922 2003 ³

174 2071 191 2110 a
205 2055 331 2126 puritate
346 2057 442 2114 dictus
455 2066 509 2117 cst.
522 2063 609 2120 Recte
617 2069 646 2120 et
660 2064 714 2122 hoc
726 2084 831 2123 nomen
844 2067 996 2139 discipulis
1050 2067 1230 2134 catorum,et
1240 2066 1478 2122 condemnabunt
1489 2083 1558 2121 eum
1569 2068 1661 2120 morte
1676 2061 1769 2135 (nant.
1779 2064 1841 2124 xxti

174 2144 394 2218 convenit,quia
404 2148 514 2222 absque
525 2151 589 2209 dolo
600 2157 627 2208 ει
638 2153 996 2229 simulatione,pnrissimo
1050 2153 1153 2210 Petrus
1169 2154 1330 2226 assumpsit
1354 2172 1422 2211 eum
1445 2159 1567 2222 secreto,
1584 2161 1611 2210 et
1626 2153 1666 2208 ait
1681 2151 1719 2206 illi
1734 2169 1740 2207 :
1756 2173 1768 2200 c
1781 2146 1844 2204 Absit
1921 2148 1922 2158 ¹

173 2231 270 2290 cordis
284 2251 382 2290 amore
394 2236 518 2294 Domino
533 2241 728 2299 adhaerebant.
740 2244 771 2299 ln
787 2262 912 2318 qnorum
926 2245 996 2301 olim
1052 2248 1120 2312 ate,
1145 2243 1276 2314 Domine,
1302 2262 1359 2300 non
1383 2245 1435 2300 llet
1460 2243 1539 2300 istud
1568 2242 1781 2314 (Mottb.xv1),»
1802 2255 1843 2292 tion
1921 2237 1922 2269 ³

175 2338 300 2393 persona
316 2341 368 2396 per
381 2325 487 2382 isaiam
512 2329 623 2388 dictum
648 2309 742 2388 luerat
758 2351 765 2390 :
783 2357 797 2384 n
816 2335 885 2392 Ecce
900 2351 953 2408 ego
969 2339 997 2390 et
1051 2332 1128 2388 enirn
1145 2333 1227 2388 decet
1242 2337 1275 2388 ut
1297 2332 1387 2389 Filius
1411 2333 1462 2390 Dei
1487 2337 1587 2406 gustet
1611 2335 1737 2388 mortem
1752 2329 1843 2384 etcum

175 2410 257 2483 pueri
278 2413 345 2482 mei,
363 2431 436 2486 quos
457 2416 539 2474 dedit
562 2419 634 2474 mihi
659 2421 801 2478 Dominus
813 2425 877 2492 (lac.
891 2424 964 2496 vui).
982 2446 996 2473 n
1051 2421 1183 2493 ejusdem
1199 2422 1345 2495 passionis
1361 2421 1482 2478 articulo
1498 2421 1670 2477 imminente
1680 2418 1805 2476 Dominus
1813 2414 1845 2470 di·
1921 2415 1922 2448 ³

175 2499 260 2556 'Pales
274 2501 352 2558 enim
368 2505 504 2575 parvulos
519 2524 621 2565 omnes
634 2511 784 2567 credentes
806 2529 870 2568 csse
885 2512 998 2568 volebat
1051 2515 1147 2566 neret:
1167 2533 1180 2562 c
1196 2511 1303 2568 Omnes
1317 2529 1368 2568 vos
1383 2510 1558 2568 scandalum
1574 2508 1721 2584 patiemini
1734 2507 1760 2561 in
1774 2522 1812 2562 mc
1823 2503 1844 2557 in

175 2605 242 2646 cum
257 2589 327 2647 alibi
341 2591 507 2651 dicebam
524 2597 584 2653 Nisi
600 2601 729 2656 conversi
750 2600 872 2671 fueritis,
889 2606 918 2658 ct
932 2603 998 2658 elli·
1051 2599 1217 2665 istanocte,
1236 2599 1388 2672 »illeprae
1403 2599 1593 2656 multitudine
1617 2597 1721 2655 amoris
1743 2593 1846 2651 confisus
1921 2623 1922 2626 =

175 2678 293 2736 ciamini
305 2681 573 2756 eicntpnrvuli,non
584 2686 731 2745 intrabitis
742 2691 770 2745 in
782 2708 905 2764 regnum
917 2689 999 2746 coelc
1052 2689 1184 2744 dicebat:
1197 2711 1211 2739 n
1224 2689 1283 2744 nesi
1298 2705 1401 2745 omnes
1411 2688 1602 2745 scandalizati
1617 2686 1722 2743 suerint
1733 2685 1760 2740 in
1773 2688 1846 2752 tcego

175 2785 241 2824 rum
259 2769 369 2838 (Macte.
384 2774 474 2844 xviri).
493 2797 507 2824 »
530 2776 564 2830 nt
577 2775 707 2833 iterum:
726 2801 739 2830 c
756 2779 847 2836 Sinite
861 2779 999 2853 parvulos
1052 2794 1204 2850 nunquam
1225 2777 1480 2833 scandalizabor.»
1497 2781 1629 2850 Cumque
1644 2775 1775 2832 Dominus
1787 2768 1846 2843 qnod

176 2857 273 2914 venire
288 2859 324 2915 ad
341 2877 398 2930 me,
422 2861 526 2919 talium
548 2871 593 2922 est
614 2866 692 2923 enim
717 2885 839 2941 regnum
859 2867 997 2925 coelornm
1053 2867 1184 2922 loturum
1200 2871 1263 2922 erat
1283 2870 1518 2940 prosequeretur.
1534 2865 1637 2923 dicens
1654 2882 1660 2921 :
1679 2887 1689 2914 ι
1705 2867 1784 2920 Amen
1798 2859 1847 2914 dico
1921 2860 1922 2892 3

178 2948 285 3019 (Moab.
301 2950 370 3021 xcx).
385 2973 399 3002 a
537 3013 545 3022 ι
1052 2954 1116 3022 tibi,
1133 2960 1290 3028 antequam
1306 2955 1402 3029 gallos
1416 2958 1523 3023 cantet,
1539 2959 1585 3012 ter
1600 2971 1647 3010 mc
1661 2952 1781 3026 negabis,
1792 2945 1848 3002 »illc

213 3036 320 3094 «Dicit
344 3039 387 3094 eis
411 3041 642 3100 Jesnszttittite
665 3046 695 3101 in
720 3046 867 3103 dexteram
893 3045 999 3120 navigii
1054 3043 1322 3101 contradicebatt«
1341 3044 1399 3101 Etsi
1426 3043 1589 3117 oportuerit
1611 3059 1658 3099 me
1682 3039 1750 3098 mori
1762 3044 1847 3098 tecum
1921 3063 1922 3066 ¹

178 3148 192 3177 «
210 3131 280 3192 rete,
294 3131 322 3182 et
336 3125 525 3187 invenietis.»
543 3133 590 3189 Bis
606 3133 635 3190 in
652 3140 754 3192 sancto
765 3135 917 3209 Evangelio
933 3135 1002 3209 legi·
1054 3150 1112 3189 non
1127 3139 1155 3189 te
1170 3135 1281 3206 negabo
1297 3134 1403 3205 (liutet.
1419 3133 1503 3204 xxvi).
1513 3155 1527 3184 a
1545 3134 1581 3188 Et
1596 3136 1629 3188 nt
1643 3131 1671 3187 in
1686 3131 1738 3186 hac
1752 3125 1849 3184 lectione

178 3232 255 3286 mus,
267 3217 345 3289 quod
361 3219 396 3274 ad
414 3221 701 3293 Dominijussionem
713 3225 891 3282 retiolaxata
901 3225 961 3282 sint
971 3224 999 3279 in
1016 3207 1038 3274 U
1054 3222 1265 3288 relectur,cnrn
1280 3221 1436 3279 Dominum
1453 3225 1581 3278 stantem
1598 3222 1627 3277 in
1642 3220 1734 3276 littore
1745 3216 1849 3276 vidisset,
1921 3243 1922 3248 κ

176 3303 387 3375 piscationem:
403 3305 532 3381 primum
547 3315 614 3366 ente
626 3313 804 3384 passionem,
820 3318 849 3370 et
862 3330 940 3369 nuno
954 3329 999 3368 se·
1054 3312 1154 3367 tunica
1179 3311 1322 3367 succinxit
1336 3328 1377 3380 ss,
1394 3314 1422 3368 ει
1437 3311 1518 3367 misit
1537 3328 1570 3367 se
1586 3311 1616 3366 in
1632 3325 1719 3366 mere.
1735 3305 1851 3378 Spiritus·
1921 3329 1922 3334 ι

177 3395 272 3450 cundo
286 3401 352 3466 post
362 3399 613 3456 resurrectionem.
624 3400 682 3456 Hoc
694 3406 791 3458 tamen
803 3402 879 3457 inter
889 3406 999 3457 utram·
1054 3399 1120 3456 liter
1131 3416 1198 3456 vero
1209 3400 1264 3456 hoc
1275 3400 1371 3458 dicore
1382 3416 1550 3473 possumus,
1564 3399 1634 3472 qnia
1647 3402 1791 3473 postquam
1799 3406 1850 3447 enm

177 3482 435 3552 quopiscationem
445 3486 660 3560 distat,qniain
672 3486 723 3544 illa
735 3489 823 3561 priori
839 3489 1000 3561 piscatione
1055 3488 1247 3546 resurrexisse
1262 3489 1406 3562 cognovit,
1423 3489 1522 3545 tunice
1537 3487 1606 3546 lidei
1622 3487 1665 3544 vel
1689 3482 1795 3550 amoris,
1808 3493 1852 3552 qua

178 3567 251 3624 retia
265 3568 355 3625 laxari
367 3573 558 3642 jubentur,in
569 3580 737 3646 qnatnmen
754 3582 835 3649 parte
850 3577 999 3635 mitteren-
1054 3577 1084 3634 in
1101 3579 1234 3652 negando
1250 3595 1280 3634 se
1300 3579 1470 3646 nudaverat,
1487 3577 1627 3646 reinduit,
1644 3581 1674 3633 et
1696 3573 1770 3631 misit
1790 3586 1815 3627 se
1830 3566 1852 3620 in

177 3659 226 3712 tur
241 3674 299 3712 non
314 3659 540 3728 demonstratur,
562 3663 593 3718 in
608 3663 663 3720 bac
677 3670 776 3720 autem
792 3665 956 3738 specialiter
969 3667 1000 3722 in
1055 3683 1145 3734 mare,
1162 3667 1191 3722 id
1206 3673 1251 3723 est
1265 3667 1340 3723 inter
1355 3672 1503 3724 tumentes
1526 3667 1630 3723 mundi
1646 3667 1792 3741 potestates
1804 3657 1852 3728 ejus

178 3745 325 3803 dexteram
342 3747 418 3804 mitti
430 3749 573 3820 jubentur
589 3770 596 3808 ε
613 3753 643 3808 in
659 3753 710 3810 illa
729 3772 786 3827 pre
806 3753 1000 3832 multitudine
1055 3773 1161 3812 nomen
1183 3751 1332 3829 predicari
1358 3757 1454 3829 coepit,
1470 3773 1558 3828 quem
1575 3756 1613 3812 ad
1639 3754 1724 3810 unius
1747 3745 1852 3806 mulieris

177 3834 302 3907 piscium
319 3840 378 3892 rete
394 3839 551 3910 rumpitur,
567 3841 596 3898 in
613 3842 667 3899 hac
683 3848 779 3901 autem
804 3846 889 3901 multi
905 3845 1000 3918 pisces
1053 3862 1153 3902 vocem
1168 3848 1213 3900 ter
1228 3845 1310 3918 prius
1327 3845 1451 3918 negavit.
1465 3846 1511 3900 Ait
1524 3845 1624 3900 enim:
1641 3841 1852 3908 ‹obedireopor

178 3923 256 3996 capti
271 3931 350 3991 sunt,
367 3929 396 3981 ct
410 3927 483 3984 retis
499 3935 585 4002 rupta
599 3949 657 3987 non
679 3937 757 3989 sunt.
776 3933 857 3990 Unde
881 3941 1001 4007 apparet
1054 3940 1095 3990 tet
1110 3936 1167 3991 Deo
1184 3934 1278 4006 magis
1293 3951 1382 4006 quam
1398 3934 1570 3990 hominibus
1585 3934 1653 4009 (det.
1667 3933 1705 4005 v).
1723 3953 1735 3982 u
1921 3991 1922 3996 ,

177 4011 247 4085 quia
261 4030 312 4086 per
325 4013 405 4070 illam
416 4015 542 4089 priorem
555 4019 744 4092 piscationem
756 4022 939 4096 significatur
949 4027 999 4080 Dc·
1090 4045 1104 4073 «
1121 4022 1176 4078 Alii
1191 4027 1289 4078 autem
1305 4022 1441 4094 discipuli
1457 4021 1572 4096 navigio
1588 4025 1736 4085 venerunt,
1749 4039 1761 4066 n
1775 4015 1799 4069 id
1811 4015 1851 4070 ιιι
1921 4015 1922 4020 '

177 4101 276 4172 closis,
293 4103 388 4176 qualis
403 4107 448 4161 εει
461 4107 490 4161 in
507 4110 707 4180 praesentiuitn
719 4128 786 4184 :per
800 4112 877 4168 banc
890 4117 998 4178 auterre,
1054 4112 1155 4170 eudem
1171 4111 1228 4167 fide
1238 4109 1281 4167 vel
1294 4127 1393 4168 amore
1403 4111 1570 4184 flagrantes,
1583 4128 1642 4185 qne
1653 4111 1750 4166 Petrus
1759 4105 1853 4177 aposto·

177 4195 243 4264 post
257 4194 500 4252 resurrectionem
516 4197 632 4266 lactem,
650 4199 744 4272 qualis
759 4201 815 4256 erit
838 4202 867 4256 in
889 4203 998 4258 futuro.
1053 4200 1100 4257 lus
1115 4217 1256 4256 accensus
1271 4205 1343 4268 erat,
1359 4201 1451 4256 secuti
1477 4203 1555 4265 sunt.
1574 4200 1657 4257 Unde
1682 4203 1710 4255 et
1723 4187 1852 4284 benedici·

176 4279 247 4337 Boni
262 4281 341 4338 enim
356 4281 409 4338 soli
426 4301 572 4358 nusquam
585 4289 720 4346 suntnisi
732 4289 762 4346 in
772 4289 853 4360 coelo,
863 4290 932 4346 mali
946 4291 999 4348 soli
1055 4294 1125 4344 tnr:
1144 4313 1157 4340 n
1185 4289 1247 4345 Non
1273 4289 1351 4346 enim
1376 4288 1461 4362 longe
1486 4293 1569 4346 erent
1583 4307 1600 4344 e
1616 4296 1702 4356 terre,
1719 4285 1765 4342 sed
1787 4291 1855 4348 ‘1¹¹⁸‘st

176 4387 324 4443 nusquam
335 4378 406 4428 sunt
416 4374 473 4430 nisi
483 4373 513 4430 in
525 4376 648 4433 inferno.
660 4377 691 4434 ln
703 4379 837 4451 presenti
852 4381 929 4435 enim
946 4382 1000 4437 Dc·
1054 4402 1068 4430 «
1086 4377 1192 4434 nubitis
1207 4378 1352 4444 ducentis,
1374 4377 1522 4434 trahentes
1544 4384 1604 4435 rete
1626 4377 1758 4452 piscium.
1775 4394 1787 4422 a
1800 4365 1855 4430 Otii

177 4458 265 4514 clesia
276 4460 430 4535 utriusque
442 4464 534 4536 partis
544 4466 620 4520 cives
631 4465 903 4540 inveniuntur,qnia
914 4469 999 4526 multi
1054 4467 1082 4522 in
1093 4467 1228 4522 ducentis
1239 4467 1347 4523 cubitis
1356 4467 1542 4524 centenarius
1553 4483 1695 4524 numerus
1703 4459 1854 4535 duplicatur.

176 4565 228 4620 per
243 4547 330 4604 fidem
346 4551 374 4606 in
391 4551 550 4609 Ecclesiam
568 4555 687 4621 intrant,
697 4555 748 4628 qui
763 4573 814 4630 per
824 4558 900 4614 bona
913 4575 1001 4631 opera
1017 4577 1039 4642 D
1056 4555 1212 4628 perlectam
1224 4572 1366 4612 numerus
1381 4557 1435 4613 iste
1446 4556 1619 4614 charitatem
1632 4553 1822 4620 insinuatque
1831 4557 1856 4596 ει

177 4637 213 4693 ad
229 4653 352 4712 regnum
363 4639 501 4696 noelorum
514 4643 678 4714 perventuri
689 4660 746 4699 non
759 4649 837 4710 sunt,
847 4646 883 4702 de
894 4649 1001 4719 quibus
1056 4644 1211 4700 dilectione
1227 4643 1276 4701 Dei
1293 4648 1323 4702 ει
1336 4645 1460 4719 proximi
1471 4649 1594 4703 constat.
1605 4645 1658 4710 Qui
1670 4643 1745 4699 enim
1756 4633 1855 4712 periente

177 4743 228 4799 per
251 4727 437 4785 Psalmistam
462 4729 568 4786 dicitur
585 4747 591 4786 :
608 4753 622 4781 c
638 4733 815 4790 Annuntievi
838 4738 866 4790 et
888 4734 1002 4793 loeutus
1057 4734 1148 4789 Deum
1165 4737 1193 4790 et
1208 4733 1373 4807 proximum
1388 4734 1495 4808 diligit,
1511 4751 1569 4790 non
1591 4733 1678 4808 longe
1701 4737 1743 4788 cst
1764 4745 1779 4781 a
1798 4729 1857 4778 terra

178 4833 256 4886 sum,
286 4817 471 4890 multiplicati
508 4825 578 4876 sunt
612 4838 701 4896 super
735 4839 890 4880 nnmerum
917 4825 1001 4898 (Psoi.
1057 4821 1225 4879 viventium.

177 4906 282 4977 xxxrx).
294 4929 307 4956 a
324 4909 355 4963 ln
371 4907 425 4964 hec
439 4925 508 4981 ergo
518 4909 687 4982 piscatione,
698 4927 761 4984 quae
776 4921 842 4984 post
857 4931 1002 4970 resurrec-
1093 4933 1106 4961 κ
1125 4911 1161 4967 Ut
1174 4917 1274 4969 autem
1289 4912 1484 4969 ascenderunt
1494 4914 1524 4968 in
1535 4909 1790 4980 terram,viderunt
1802 4913 1857 4972 pru·

178 4990 286 5048 tionem
302 4995 379 5050 iacta
392 4999 445 5062 est,
462 4997 583 5054 decebat
597 5003 629 5054 ut
644 4999 697 5054 soli
723 5000 790 5055 boni
807 5002 902 5073 pisces
916 5018 1003 5075 cepe·
1058 5025 1071 5051 ιι
1089 5016 1142 5056 nas
1157 5000 1268 5073 positas
1282 5007 1310 5058 et
1325 5002 1434 5075 piscem
1450 5001 1679 5074 superpositum,
1696 5002 1723 5054 ct
1737 5003 1854 5080 ιιιιιιῑχη

179 5083 289 5146 rentur,
299 5099 350 5153 per
364 5100 439 5154 quos
449 5083 607 5144 electorum
618 5105 760 5144 numerus
776 5089 1001 5162 significaretur.
1057 5088 1111 5146 Ubi
1128 5089 1163 5144 ad
1178 5088 1306 5147 litteram
1331 5090 1416 5163 quasi
1441 5107 1545 5147 sonare
1558 5090 1682 5156 videtur,
1700 5083 1772 5159 quod
1785 5076 1855 5152 piscu
1921 5063 1922 5110 l

179 5190 193 5218 (ι
211 5167 353 5224 Miserunt
374 5187 442 5244 ergo
457 5179 526 5240 rete,
552 5177 661 5248 etjam
687 5195 745 5234 non
769 5177 906 5236 valebant
930 5179 1002 5237 illud
1058 5181 1084 5233 et
1106 5177 1192 5250 panis
1213 5177 1316 5250 prunis
1330 5177 1534 5251 superpositus
1558 5181 1645 5234 esset.
1659 5175 1713 5232 Sed
1728 5165 1854 5228 sciendum

179 5255 294 5312 trahere
310 5273 367 5330 prae
383 5257 571 5319 multitudine
587 5265 722 5338 piscium.
737 5289 751 5317 n
766 5267 847 5333 Quod
863 5269 1005 5326 exteriora
1058 5270 1102 5322 est
1117 5267 1187 5339 quia
1202 5265 1249 5324 ille
1263 5267 1314 5339 qui
1330 5268 1514 5325 necessarius
1529 5271 1601 5333 erat,
1611 5266 1639 5322 id
1651 5268 1696 5321 est
1706 5258 1856 5336 pisciapru·

180 5344 322 5406 miracula
337 5346 504 5405 interiorem
520 5350 607 5407 fidem
622 5355 789 5426 frequenter
802 5356 962 5427 instruant,
974 5361 1004 5415 in
1060 5354 1106 5412 nis
1121 5360 1183 5412 crat
1198 5356 1412 5428 superpositus,
1429 5358 1513 5430 ponis
1540 5372 1606 5412 vero
1621 5365 1750 5412 seorsum
1763 5341 1856 5418 positus

105 5471 109 5478 -
179 5435 314 5508 praesenti
341 5434 404 5491 loco
430 5437 658 5510 demonstratur,
689 5446 807 5517 quando
834 5448 1003 5517 Dominum,
1059 5451 1130 5507 orat.
1146 5445 1313 5501 Notandum
1328 5446 1417 5501 etiam
1433 5445 1511 5518 quod
1529 5446 1592 5518 ipsa
1608 5440 1734 5516 qualitas
1748 5434 1857 5520 ciburuttt
1921 5467 1922 5506 ι

179 5540 267 5598 quem
283 5541 317 5581 ex
338 5525 449 5582 visione
473 5531 502 5582 ει
520 5526 711 5588 collocutione
726 5551 783 5590 non
800 5541 1003 5609 cognoverant,
1060 5555 1077 5593 n
1100 5535 1238 5608 mysterio
1253 5551 1311 5590 non
1326 5538 1419 5592 vacat.
1442 5535 1515 5591 Nam
1532 5535 1607 5590 sicut
1620 5532 1649 5588 in
1666 5527 1722 5584 alia
1735 5511 1857 5588 brunelli
1921 5523 1922 5560 l

179 5633 213 5672 ex
238 5620 359 5687 captura
383 5613 510 5688 piscium
534 5626 739 5689 cognoverunt.
766 5623 838 5680 Cum
863 5642 930 5698 ergo
946 5632 1005 5683 tota
1060 5625 1183 5683 lectione
1195 5622 1405 5697 legimus,cum
1416 5624 1495 5698 pisce
1506 5640 1572 5681 asso
1583 5623 1679 5679 levum
1690 5599 1856 5672 mellisdisci·
