3950 6174
101 313 159 394 ddi
393 390 397 400 Ι
711 313 889 380 neultra:
911 310 964 382 os
984 311 1186 380 TEMPDRD.
1738 315 1814 399 aas,

101 448 235 508 clarescit.
249 449 414 528 Frcgditate
429 449 538 525 quippe
547 446 642 507 carnis
657 449 768 524 gravati
781 446 917 524 apostoli,
933 448 990 518 A«
1000 445 1320 522 dabatdiscipulisauis
1329 449 1799 524 utapponerent,etapposueruat

101 541 226 598 nondum
243 541 339 597 adhuc
355 541 479 613 perlecta
494 539 674 596 divinitatem
691 539 796 596 Christi
813 536 918 594 intelli·
976 559 990 588 ιι
1005 539 1107 596 turbe.
1120 561 1133 587 ιι
1147 539 1212 595 Janr
1230 537 1367 610 superius
1379 553 1432 610 ρει
1446 541 1557 612 septam
1573 556 1674 612 panes,
1688 546 1798 615 septem

101 631 212 704 gabant,
229 628 348 701 quando
363 645 397 685 eo
410 632 561 702 presente,
579 627 629 701 qui
651 628 749 685 educit
764 643 867 701 panem
884 627 920 682 de
974 627 1186 702 donaSpiritus
1197 627 1291 684 sancti
1303 627 1421 701 figurari
1433 625 1721 686 diximus.Dominus
1732 648 1799 706 ergo

100 722 173 774 terra
187 721 216 774 et
231 717 342 787 vinum,
352 718 430 791 quod
445 717 572 774 laetificat
587 733 637 774 eor
651 715 832 784 hominis,ex
847 733 920 788 pau·
974 722 1086 790 septem
1103 733 1193 790 panes
1206 715 1404 789 accepit,quia
1414 733 1471 788 prae
1483 716 1801 776 omnibushominibus

101 806 138 864 cis
152 806 277 880 panibus
301 805 521 863 multitudinem
543 805 697 862 hominum
713 821 799 878 posse
814 805 920 861 satiare
975 805 1140 879 specialiter
1153 809 1263 878 septem
1277 805 1353 860 dona
1363 805 1489 878 Spiritus
1500 805 1593 862 sancti
1604 806 1633 862 in
1645 823 1676 862 se
1687 807 1800 876 habuit,

100 895 281 952 dubitabant.
295 895 351 952 Sed
367 894 510 952 Dominus
525 911 583 951 uon
599 894 694 952 solum
718 897 750 950 ut
764 893 922 954 dubitatio·
976 894 1089 951 dicente
1104 894 1245 966 prcphata
1261 910 1267 948 :
1284 917 1298 943 ιι
1315 894 1350 949 nr
1364 893 1528 967 requiescet
1542 912 1632 969 super
1655 913 1722 953 eum
1742 898 1803 971 spi·

100 1001 162 1040 uara
177 982 390 1056 discipulorum
407 984 544 1052 auferret,
555 1001 656 1040 verum
672 983 759 1040 eliam
775 988 807 1039 ut
821 981 921 1038 multi·
975 985 1050 1041 ritus
1065 983 1192 1052 Domini,
1208 982 1329 1054 spiritus
1344 981 1494 1054 sapientiae
1508 987 1537 1040 et
1551 983 1725 1054 intellectus,
1742 987 1803 1061 spi-

100 1073 230 1130 tudinem
246 1072 399 1146 fatigatam
413 1072 527 1144 jejunio
551 1075 689 1140 reliceret,
705 1089 740 1128 err
755 1072 856 1146 paucis
870 1089 922 1146 pa·
976 1074 1050 1130 ritus
1065 1072 1177 1128 consilii
1193 1075 1222 1128 et
1234 1071 1554 1146 tortitudinis,spiritus
1565 1074 1692 1132 scientie
1703 1081 1732 1133 et
1741 1077 1802 1151 pie·

99 1163 182 1218 nibus
198 1161 418 1218 multitudinem
435 1161 587 1218 hominum
604 1163 721 1217 relicere
735 1161 836 1217 voluit.
976 1162 1055 1230 tatis,
1073 1165 1103 1218 et
1118 1160 1240 1234 replebit
1254 1177 1321 1216 eum
1338 1160 1460 1232 spiritus
1474 1163 1590 1219 timoris
1604 1164 1720 1220 Domini
1736 1169 1801 1234 (leo.

132 1275 145 1303 ιι
161 1252 196 1306 Et
210 1251 400 1324 interrogavit
414 1267 484 1307 eos:
500 1252 676 1323 Ouotpanes
687 1250 822 1306 habetis?
833 1272 847 1300 ιι
858 1250 921 1306 Non
975 1252 1026 1322 xri.
1045 1274 1058 1300 ιι
1076 1250 1173 1323 Fregit
1186 1255 1285 1306 eutem
1301 1267 1391 1323 panes
1405 1255 1434 1306 et
1456 1251 1536 1308 dedit
1557 1252 1711 1327 discipulis
1727 1256 1802 1324 suis,

100 1340 236 1414 ignorans
253 1339 393 1396 Dominus
408 1338 570 1412 discipulos
581 1340 749 1413 interrogat,
762 1338 812 1412 qui
822 1338 923 1396 omnis
977 1340 1046 1414 quia
1060 1341 1192 1412 ejusdem
1208 1339 1335 1411 Spiritus
1356 1339 1450 1396 sancti
1464 1341 1542 1396 dona
1556 1343 1715 1416 unicuique
1731 1353 1800 1402 san'-

100 1428 151 1485 soit
165 1431 326 1501 antequam
343 1429 425 1496 fiant,
442 1427 492 1484 sed
509 1431 541 1483 ut
561 1445 595 1483 ex
616 1445 671 1484 sua
695 1425 923 1500 interrogatione
977 1434 1100 1495 ciorum,
1117 1433 1203 1500 prout
1216 1427 1289 1496 vult,
1300 1428 1461 1495 distribuit,
1473 1427 1538 1485 aliis
1551 1428 1677 1504 largiens
1690 1449 1803 1490 sermo-

99 1517 214 1574 illorum
230 1517 345 1574 animos
360 1517 521 1584 erudiat,et
532 1517 646 1574 discant
657 1533 710 1590 per
722 1517 786 1589 ejus
796 1531 922 1588 praesen-
977 1535 1044 1575 nem
1053 1515 1213 1590 sapientia.
1221 1515 1287 1572 aliis
1297 1533 1462 1574 sermonem
1474 1518 1686 1590 scientioe,aliis
1696 1538 1804 1597 genera

98 1607 168 1662 tiam
184 1607 220 1662 de
232 1605 334 1680 paucis
344 1606 471 1679 panibus
482 1605 590 1662 multas
601 1605 703 1662 turbas
714 1605 867 1661 hominum
879 1619 924 1660 sa·
977 1605 1156 1678 linguarum,
1172 1604 1239 1662 aliis
1253 1605 1523 1679 interpretationem
1539 1613 1720 1677 sermonum,
1737 1610 1803 1668 aliis

98 1695 163 1752 tisri
179 1695 306 1770 possein¹
322 1694 489 1762 solitudine,
502 1695 551 1766 qui
566 1694 924 1768 perquadragintaannos
978 1694 1183 1751 discretionem
1200 1693 1368 1767 spirituum.
1385 1695 1449 1751 Sive
1475 1695 1555 1752 dedit
1579 1701 1690 1770 septem
1712 1715 1803 1772 panes

98 1785 161 1842 siue
177 1784 269 1840 aratri
285 1783 384 1840 labora
410 1783 572 1840 immensas
587 1782 686 1856 popuii
710 1786 840 1839 catervas
860 1781 923 1837 cibo
978 1781 1131 1856 discipulis
1144 1788 1177 1838 ut
1192 1787 1372 1856 apponerent
1385 1784 1611 1858 turbae,quando
1626 1790 1692 1860 post
1706 1806 1802 1847 resur-

96 1891 212 1930 mannae
233 1871 308 1928 aluit
322 1873 353 1928 in
368 1873 493 1929 deserto.
512 1870 586 1938 «Oui
601 1871 894 1942 dixeruntzscptem.
909 1891 923 1920 ιι
979 1872 1136 1929 rectionem
1153 1888 1297 1944 apparens
1316 1871 1386 1937 illis,
1401 1873 1561 1930 insulllavit
1585 1880 1613 1932 et
1636 1877 1709 1934 dixit
1734 1881 1777 1937 eis
1795 1897 1802 1936 :

96 1965 127 2020 ln
154 1961 213 2018 alia
235 1961 392 2018 reiectione
414 1961 545 2033 quinque
560 1977 651 2034 panes
666 1959 818 2016 hordeacei
833 1959 925 2014 fuisso
978 1983 992 2012 ιι
1009 1961 1137 2034 Accipite
1150 1960 1292 2034 Spiritum
1318 1965 1463 2018 sanetum.
1480 1964 1609 2028 Quorum
1632 1967 1805 2026 remiseritis

94 2052 274 2117 reseruntur,
286 2066 338 2122 per
353 2067 437 2123 quos,
452 2051 485 2105 ut
498 2048 639 2117 diximus,
651 2048 798 2121 scriptura
811 2047 925 2104 Veteris
979 2055 1108 2122 peccata,
1125 2041 1315 2106 remittuntur
1338 2049 1379 2106 eis
1396 2066 1403 2106 :
1420 2055 1449 2106 et
1463 2067 1588 2124 quorum
1612 2054 1803 2126 retinueritis,

94 2139 279 2198 Testamenti
295 2139 459 2212 significata
473 2143 527 2206 est,
548 2139 604 2194 sub
619 2137 748 2211 tegmine
763 2135 864 2192 littere
880 2134 924 2190 la·
979 2141 1090 2195 retenta
1105 2143 1174 2194 sunt
1189 2139 1277 2211 (icoo.
1289 2141 1346 2206 xx).
1358 2161 1371 2187 ιι
1388 2138 1531 2214 Discipuli
1547 2146 1646 2199 autem
1661 2159 1804 2218 apposue-

94 2229 260 2288 tens.Nunc
268 2231 366 2284 autem
375 2226 422 2282 hic
432 2230 544 2299 septem
554 2244 645 2300 panes
658 2225 749 2282 tuisse
759 2241 925 2283 memoran-
979 2233 1049 2284 runt
1057 2228 1159 2295 turbae,
1168 2227 1238 2299 quia
1248 2243 1299 2299 per
1308 2243 1410 2283 earum
1421 2230 1658 2300 predicationem
1670 2234 1804 2292 notitiam

94 2313 926 2390 tur,prcpterseptiiormemgratiamSpiritussanction·
980 2315 1055 2372 sacri
1071 2315 1201 2389 mysterii
1218 2316 1327 2372 mundo
1350 2316 1441 2372 voluit
1465 2319 1657 2378 innotescere.
1682 2322 1805 2382 Pulchre

91 2408 145 2478 ius
154 2405 253 2479 gratia
262 2404 419 2462 illuminati
429 2403 552 2478 apostoli
561 2419 924 2476 eorumquesuccessorcs‚
979 2405 1140 2462 reiecturus
1154 2405 1270 2462 turbam
1293 2405 1404 2478 gratias
1418 2405 1514 2480 egisse
1528 2409 1646 2479 dicitur,
1661 2416 1694 2468 ut
1708 2416 1805 2470 osten-

94 2499 124 2552 et
138 2495 230 2551 tidem
241 2497 348 2552 sancta
359 2493 520 2561 Trinitatis,
530 2496 558 2549 et
569 2489 925 2566 quatucrltvangeliorum
979 2494 1061 2550 deret
1084 2493 1112 2549 in
1137 2494 1276 2550 omnibus
1303 2494 1387 2551 bonis
1412 2497 1550 2568 operibus
1574 2499 1666 2556 Deum
1681 2519 1699 2556 a
1720 2503 1806 2560 nobis

95 2583 264 2640 doctrinam
274 2579 925 2652 rnundoaununtiaverunttlucdbenesspte·
958 2627 961 2634 .
980 2599 1044 2640 esse
1056 2581 1289 2656 glorificandum.

94 2671 200 2728 narius
214 2687 358 2728 numerus
373 2670 480 2744 signat,
497 2669 548 2743 qui
575 2673 738 2726 constater
752 2668 847 2741 primo
862 2667 925 2740 pari
1016 2693 1029 2720 ιι
1046 2671 1081 2726 aa
1097 2670 1245 2727 habebant
1260 2671 1417 2743 pisciculos
1432 2691 1551 2746 paucos,
1567 2679 1595 2732 et
1618 2677 1698 2750 ipsos
1717 2681 1805 2740 bene·

94 2765 123 2817 et
137 2761 234 2834 primo
247 2759 363 2834 impari,
377 2758 406 2815 id
423 2762 477 2827 est,
494 2776 528 2815 ex
542 2757 669 2814 ternario
685 2762 713 2813 et
728 2756 925 2829 quaternario.
982 2781 997 2810 ιι
1011 2759 1093 2827 dixit,
1105 2763 1134 2816 at
1139 2759 1232 2831 jussit
1242 2762 1361 2833 apponi.
1373 2782 1387 2810 ιι
1398 2760 1452 2818 Per
1462 2762 1708 2839 pisciculos,quos
1717 2769 1805 2826 bene·

94 2848 434 2922 Sivequiaseptenarius
444 2863 585 2904 uumerus
596 2847 762 2920 frequenter
772 2862 823 2918 pro
834 2843 926 2916 pleni·
980 2847 1053 2904 dixit
1067 2850 1096 2904 et
1110 2847 1247 2920 apposuit
1261 2850 1364 2918 turbae,
1381 2855 1551 2910 sanctorum
1568 2853 1718 2912 imitabilis
1733 2873 1805 2912 con·

94 2939 201 2996 tudine
216 2937 345 3012 ponitur,
361 2936 432 3009 quia
455 2953 507 3009 per
531 2935 625 2992 sancti
649 2935 777 3008 Spiritus
801 2934 926 3007 gratiam
979 2937 1301 3011 versatiodesignatur,
1318 2939 1368 3013 qui
1385 2957 1442 2996 non
1467 2940 1563 2998 solum
1584 2959 1664 3000 more
1679 2944 1805 3017 piscium
1918 2951 1922 2956 “

93 3026 306 3099 perfectionem
318 3024 441 3098 justitiae
456 3023 605 3081 consecuti
620 3027 690 3079 suat
704 3023 809 3080 sancti.
980 3025 1074 3082 saltus
1083 3027 1806 3100 superaquesdareconsueverunt,contemnentes

132 3138 149 3166 ιι
164 3117 202 3171 Ει
215 3113 353 3188 pracepit
366 3113 459 3170 turbe
472 3113 657 3169 discumbere
672 3115 894 3184 superterram.
911 3133 925 3160 ιι
981 3118 1089 3170 terram
1113 3118 1141 3170 et
1156 3117 1288 3172 amantes
1310 3115 1426 3185 coelum,
1443 3117 1493 3172 sed
1508 3118 1597 3176 etiam
1608 3119 1686 3178 inter
1699 3123 1806 3181 fluctus

95 3203 129 3260 ln
141 3205 200 3260 slis
213 3203 370 3260 relectione
380 3202 468 3259 turba
478 3218 567 3274 super
576 3201 676 3257 lenum
689 3200 874 3258 discubuisse
884 3199 925 3256 le·
941 3185 963 3252 G
980 3204 1128 3260 variarum
1149 3204 1384 3276 persecutionum
1407 3205 1599 3278 spiritualiter
1620 3216 1754 3268 crescunt
1777 3218 1808 3272 et

94 3293 190 3366 gitur,
202 3293 273 3366 quia
287 3292 334 3349 les
347 3290 476 3348 carnalia
487 3295 603 3346 tantum
616 3289 789 3362 prohibebat
799 3293 926 3362 peccata.
982 3292 1150 3365 proliciunt,
1166 3291 1295 3349 dicentes
1310 3308 1377 3348 cum
1392 3294 1532 3366 apostolo
1545 3313 1551 3352 :
1566 3320 1580 3348 ιι
1597 3298 1656 3355 nasi
1681 3302 1807 3359 exterior

95 3404 111 3432 «
130 3382 237 3440 Omnis
251 3381 331 3437 anim
346 3396 413 3438 curo
424 3380 570 3446 fanumst
580 3379 677 3436 omnis
686 3377 778 3450 gloria
788 3379 853 3449 ejus
863 3382 927 3434 tan·
981 3381 1070 3438 homo
1085 3385 1184 3437 noster
1202 3383 1409 3455 corrumpitur,
1435 3384 1486 3440 sed
1499 3382 1526 3440 is
1551 3386 1600 3458 qui
1616 3387 1737 3446 interior
1750 3394 1804 3461 est,

94 3488 191 3543 quam
206 3471 261 3527 llos
276 3470 338 3544 agri
352 3471 415 3542 (lec.
431 3469 486 3542 aa).
503 3489 517 3518 ιι
533 3468 565 3524 ln
582 3467 636 3524 hoc
651 3471 759 3535 autern,
775 3483 928 3540 perquam
983 3474 1138 3527 renovatur
1152 3475 1177 3539 (l
1181 3474 1190 3526 l
1207 3473 1269 3528 Gor.
1287 3471 1335 3542 ιν).
1353 3494 1366 3521 ιι
1382 3472 1454 3528 Cum
1470 3459 1666 3550 septem'ergc
1680 3478 1807 3551 panibus

92 3561 226 3634 gratiam
243 3559 314 3616 Novi
339 3557 518 3616 Testamenti
544 3557 673 3613 diximus
697 3555 827 3629 figurari,
851 3559 928 3614 recte
982 3574 1091 3631 paucos
1113 3559 1270 3633 pisciculos
1290 3560 1382 3632 jussit
1404 3563 1521 3635 apponi,
1546 3564 1614 3637 quia
1638 3571 1805 3624 sanctorum

92 3650 188 3707 turba
199 3665 287 3721 super
298 3651 405 3704 terram
416 3646 577 3704 discumbit
588 3663 594 3701 :
607 3645 677 3719 quia
686 3645 781 3719 grstia
790 3645 862 3701 Novi
873 3646 927 3702 Te·
982 3648 1115 3721 exempla
1130 3666 1197 3706 cum
1212 3649 1416 3721 praedications
1431 3653 1509 3708 verbi
1522 3653 1557 3708 ad
1568 3652 1743 3712 imitandum
1756 3675 1806 3714 no-

90 3738 239 3796 stamenti
252 3754 310 3794 non
326 3736 422 3794 solum
433 3736 535 3810 culpas
545 3734 652 3809 operis,
665 3735 716 3791 sed
727 3733 815 3790 etiam
826 3734 927 3808 culpas
981 3737 1028 3794 bis
1043 3737 1172 3810 quotidie
1194 3738 1398 3810 predicatores
1421 3741 1582 3812 proterunt.
1611 3742 1687 3800 Bene
1707 3750 1806 3802 autem

89 3825 287 3900 cogitationis
297 3825 464 3900 restringit:
475 3842 528 3882 nec
536 3824 631 3881 solum
640 3822 736 3881 aliens
745 3823 927 3897 rapientibus
982 3825 1067 3899 pauci
1084 3825 1216 3899 pisciculi
1232 3825 1323 3884 luisse
1339 3831 1806 3904 memorantur,quiasanetarum

90 3914 282 3984 contradicit,
299 3915 350 3972 sed
369 3915 458 3972 etiam
483 3915 520 3973 ad
545 3913 750 3988 perlectionem
774 3913 927 3970 tendentes
982 3913 1171 3981 conversatio,
1200 3931 1253 3972 suo
1273 3915 1385 3986 judicio
1408 3917 1530 3974 humilis
1553 3921 1806 3996 estetdespeeta,

89 4001 805 4078 proprisslacultatescumipsaterrarelinquerc
815 4006 927 4071 monet,
981 4002 1090 4075 quibus
1106 4001 1238 4060 Salvator
1252 4002 1309 4058 ait:
1325 4023 1336 4052 ι
1353 4003 1447 4060 Nolite
1462 4005 1573 4075 timere,
1585 4009 1712 4080 pusillus
1726 4027 1805 4084 grex,

91 4094 221 4150 Domino
232 4091 346 4150 dicente
358 4111 365 4150 :
379 4116 394 4144 ιι
407 4093 437 4150 Si
447 4092 491 4148 vis
501 4093 647 4165 perlectus
658 4107 733 4158 esse,
744 4091 826 4158 vade,
835 4091 927 4148 vende
981 4091 1051 4163 quia
1065 4090 1243 4162 complacuit
1257 4091 1335 4146 Patri
1363 4097 1460 4148 vestro
1482 4095 1551 4152 dare
1576 4097 1658 4153 vobis
1682 4115 1806 4171 regnum

94 4181 385 4256 omniaquaebebes,
398 4185 427 4238 et
440 4182 478 4238 da
492 4178 926 4256 pauperibus,ethabebisthe-
981 4180 1057 4252 (doc.
1080 4177 1142 4248 ιιι).
1161 4199 1175 4227 ιι
1199 4177 1239 4232 De
1264 4177 1371 4250 quibus
1391 4195 1443 4252 per
1467 4181 1654 4239 Salomonem
1675 4183 1805 4244 dicitur:

97 4284 223 4326 sauram
239 4270 269 4327 in
286 4270 357 4328 coelo
369 4288 375 4326 :
387 4275 416 4326 et
429 4269 635 4342 veni,sequere
649 4284 698 4324 me
713 4267 817 4340 (ricula
829 4267 897 4340 arx).
911 4291 926 4317 »
981 4290 995 4317 ιι
1006 4263 1287 4338 Lepuseulus,plebs
1298 4264 1435 4334 invalida,
1447 4268 1569 4326 collocat
1579 4269 1608 4325 in
1620 4277 1701 4343 petra
1712 4273 1807 4331 cubile

99 4355 136 4411 Et
147 4358 294 4433 sicutipse
305 4357 436 4416 alibiait:
447 4355 927 4431 «Nisiquisrenuntiaveritomni·
982 4355 1038 4412 sibi
1055 4355 1146 4428 (Prcu.
1163 4354 1238 4426 axx).
1254 4376 1268 4403 ιι
1283 4355 1317 4410 aa
1332 4359 1408 4412 recto
1432 4355 1462 4412 in
1486 4357 1536 4414 ills
1560 4360 1725 4428 relectione,
1741 4365 1821 4435 qua·

102 4443 232 4520 busque
243 4447 422 4522 possidebat
433 4465 491 4504 non
503 4447 698 4520 oditpatrem‚
709 4449 844 4512 matrem,
856 4461 926 4502 uxo·
982 4459 1016 4500 ex
1030 4443 1160 4517 quinque
1176 4442 1302 4516 panibus
1318 4443 1395 4501 lacta
1404 4450 1458 4512 est,
1471 4445 1528 4503 duo
1539 4447 1634 4520 pisces
1647 4449 1738 4507 tuisse
1748 4468 1807 4508 rne-

104 4549 176 4602 rem,
187 4536 304 4605 liberos,
316 4538 421 4594 iratres
431 4541 460 4593 et
469 4553 594 4598 sorores.
606 4553 705 4592 servos
716 4540 745 4592 et
755 4532 887 4602 ancillas,
899 4538 929 4590 et
942 4553 966 4618 D
982 4538 1144 4603 morantur,
1154 4537 1181 4589 et
1192 4532 1239 4588 bic
1250 4531 1378 4589 incertus
1394 4550 1535 4592 numerus
1546 4538 1725 4594 ostenditur:
1738 4540 1807 4613 quia

106 4638 189 4696 egros
203 4631 322 4700 propter
336 4643 442 4684 nomen
456 4644 566 4694 meum,
583 4643 642 4683 non
657 4629 752 4698 potest
767 4641 850 4682 meus
862 4639 927 4681 esse
981 4620 1805 4698 adeomparationemillorum‚quiexpopulodudaecrum

107 4711 265 4788 discipulus
279 4717 355 4789 (Luc.
364 4715 433 4788 ιιι).
447 4737 461 4766 ιι
472 4714 620 4773 Moraliter
630 4717 728 4772 sutem
740 4714 828 4770 turba
840 4729 929 4786 super
982 4708 1120 4767 credituri
1134 4713 1227 4775 erant,
1242 4713 1271 4765 et
1284 4708 1400 4767 inlinits
1416 4710 1574 4769 multitudo
1589 4729 1623 4769 ex
1637 4715 1738 4788 gentili
1755 4732 1805 4790 po·

107 4803 703 4872 terramdiscubuit,cumfideliumanime
714 4821 773 4860 sue
784 4801 927 4876 tragilita-
981 4798 1051 4873 pulo
1066 4798 1103 4855 ad
1118 4798 1207 4854 tidem
1228 4797 1316 4866 venit,
1332 4797 1455 4856 Domino
1479 4799 1591 4858 dicente
1607 4817 1614 4855 :
1628 4825 1642 4852 ιι
1658 4802 1741 4860 Multi
1756 4823 1806 4862 ve-

107 4887 928 4966 tismemores,terramsejugileretpulverernesscconsi-
981 4886 1062 4944 nient
1087 4886 1123 4944 ab
1148 4885 1259 4942 oriente
1283 4891 1311 4943 et
1335 4887 1493 4956 occidente,
1509 4893 1538 4945 et
1552 4892 1723 4948 recumbent
1738 4909 1806 4950 oum

109 4976 927 5054 derantdicentescuml’salmista:‹rltdbaesitpavimeuto
980 4975 1137 5045 Abraham,
1155 4975 1236 5032 Isaac
1250 4978 1279 5032 et
1293 4975 1383 5033 Jacob
1396 4975 1425 5032 in
1441 4993 1530 5051 regno
1545 4977 1684 5036 coelorum
1699 4981 1805 5053 (narrt.

110 5067 201 5126 anima
214 5087 291 5138 mea,
314 5071 428 5127 aivitiae
451 5086 498 5127 me
520 5070 682 5128 secundum
698 5069 820 5126 verbum
841 5071 927 5125 tuum
981 5068 1081 5135 vurta

111 5153 395 5228 (sar.cxv111).»ar
417 5157 545 5216 iterum:
564 5181 579 5210 ιι
603 5155 746 5226 Quoniam
772 5155 929 5212 humiliata
1018 5176 1033 5204 ιι
1049 5153 1083 5209 lit
1110 5153 1371 5220 manducaverunt,
1397 5157 1425 5210 et
1454 5156 1577 5212 saturati
1606 5161 1685 5217 sunt.
1703 5181 1718 5208 ιι
1745 5161 1807 5218 Noc

110 5246 191 5303 estin
206 5248 324 5321 pulvere
348 5248 447 5306 anima
469 5251 579 5316 nostra,
603 5245 822 5320 conglutinatus
838 5249 883 5301 ast
897 5243 927 5300 in
981 5257 1084 5300 omnes
1110 5241 1262 5313 aqualiter
1286 5243 1545 5313 manducaverunt,
1569 5247 1618 5304 sed
1645 5264 1747 5306 omnes
1771 5251 1806 5306 ad

110 5335 181 5392 terra
192 5340 295 5394 venter
308 5341 408 5395 noster
423 5338 507 5411 (Psoi.
521 5335 610 5408 xurrr).
623 5358 637 5386 ιι
653 5335 763 5392 Τειίιει
777 5332 825 5390 ille
840 5349 929 5405 super
982 5347 1071 5388 unam
1082 5330 1246 5387 satietatem
1255 5338 1464 5403 pervenerunt:
1475 5333 1544 5406 quia
1553 5335 1709 5408 Scriptura
1719 5354 1807 5394 sacre

111 5426 210 5482 terram
225 5425 425 5494 discubuerat,
437 5426 488 5500 qui
503 5425 633 5482 dicebat:
646 5447 660 5476 ιι
679 5425 795 5496 Loquar
819 5422 854 5478 ad
872 5421 927 5476 Do·
982 5418 1161 5478 intellectum
1172 5434 1341 5476 ncncmnes
1351 5420 1694 5496 equalitorcapiunt,sed
1708 5429 1805 5482 tamen

113 5514 216 5572 minum
229 5533 414 5584 meum‚oum
428 5515 483 5572 sim
495 5515 591 5588 pulvis
601 5518 630 5571 et
641 5513 715 5571 einis
725 5512 802 5584 (Gen.
814 5512 902 5580 xvru).
914 5532 928 5558 ιι
983 5525 1085 5564 omnes
1100 5525 1151 5580 pro
1167 5508 1253 5564 modo
1265 5513 1295 5564 el
1308 5525 1433 5582 persons
1443 5529 1497 5568 sua
1506 5512 1667 5586 spiritalem
1679 5513 1807 5570 relectio-

113 5625 126 5653 ι
139 5604 168 5660 ilt
184 5605 330 5679 accipiens
341 5609 452 5679 septem
464 5603 682 5678 panes,gratias
693 5619 782 5677 agens
796 5599 890 5672 fregit,
900 5603 929 5655 et
983 5613 1050 5654 uem
1067 5597 1095 5652 in
1110 5614 1143 5653 eu
1154 5597 1315 5654 inveniunt.
1327 5598 1409 5656 Unde
1422 5601 1495 5658 bena
1508 5602 1544 5658 de
1560 5617 1669 5658 manns
1678 5600 1803 5658 dicitur:
