3988 6180
231 309 290 370 779
321 271 327 282 '
510 307 716 369 HAYMONlS
739 305 1005 369 llALBliRSTA'l.
1030 307 1151 369 emsa.
1176 305 1261 369 OPP.
1285 307 1386 369 elus
1408 305 1448 368 ll.
1464 341 1503 350 -
1516 305 1642 370 noble.
1821 316 1864 379 tto

218 436 509 511 ,discipulosoculos
524 436 640 506 levavit,
657 437 1057 510 quosspecinliusvirtutibus
1072 439 1185 508 Atiam
1216 439 1323 512 quippe
1348 437 1460 494 esurire
1482 442 1511 494 et
1532 439 1618 508 sitire,
1641 443 1681 495 est
1700 447 1813 515 precepta
1830 445 1865 501 llei

230 527 342 596 ditavit,
355 528 441 599 justa
455 527 533 601 quod
549 526 618 582 alibi
626 525 752 600 legimus
763 527 849 591 :Ouia
859 543 927 582 oum
936 526 1056 584 dixisset
1111 526 1236 583 libenter
1251 525 1363 593 audire,
1379 531 1408 582 et
1420 527 1558 584 libentius
1576 544 1655 601 opere
1676 527 1787 602 implere.
1805 531 1868 588 ‘lates

227 617 254 674 ei
270 616 408 690 quidem:
428 637 442 668 a
457 617 528 672 lloce
540 619 724 672 matertuaet
735 615 1057 672 fratrestuilorisstant
1110 617 1188 672 enim
1205 616 1428 683 saturabuntur,
1442 617 1558 689 quando
1568 617 1601 672 ad
1613 617 1870 676 videndumlleuncu·

229 709 392 779 quaerentes
417 705 498 778 loqui
524 709 633 772 tecum,
649 725 664 754 »
679 703 743 777 ipse
767 703 885 761 elevatis
910 704 1003 762 oculis
1024 705 1054 761 in
1105 705 1157 778 J'us
1171 704 1219 760 hic
1235 705 1375 760 mandata
1390 721 1456 760 cum
1473 721 1577 778 magua
1589 705 1687 762 mentis
1704 707 1784 762 asana
1799 724 1870 764 suue-

227 793 389 868 discipulos
404 811 484 863 suos,
500 793 730 850 dicebatzallece
742 797 939 851 matermeeet
950 794 1056 851 tratres
1109 797 1225 866 perant,
1243 793 1450 866 perducentur,
1460 793 1871 870 dicentescumPsalmista:«llge

228 884 286 940 moi
302 885 407 957 (llottb.
423 891 496 952 xrrr).
512 904 526 933 u
542 881 617 950 Quid
640 887 738 938 autom
763 883 881 940 elevatis
905 882 996 939 oculis
1013 884 1055 939 di·
1110 887 1206 937 autem
1224 882 1252 937 in
1277 882 1394 954 justitia
1418 881 1572 954 apparebo,
1596 887 1623 938 ct
1636 882 1664 938 in
1690 887 1820 956 conspectu
1836 889 1872 940 tuo

228 977 284 1042 cat,
300 971 472 1030 audiamus:
489 993 503 1022 «
520 971 598 1028 Beati
614 987 768 1044 pauperes,
785 971 855 1043 quia
869 977 999 1028 vestrum
1010 975 1055 1028 est
1100 963 1239 1030 satiabor
1253 971 1323 1026 dum
1341 971 1576 1028 manifestabitur
1582 970 1798 1045 gloriatuall'sol.
1810 977 1872 1040 ruta

227 1077 351 1134 regnum
367 1060 428 1118 Dei.
445 1082 459 1111 a
477 1061 511 1116 Et
525 1077 589 1132 quae
602 1060 695 1116 virtus
711 1059 801 1116 talem
827 1059 903 1116 inter
926 1061 1055 1134 reliquas
1109 1059 1191 1116 Unde
1205 1063 1234 1116 et
1248 1058 1385 1116 Salomon
1401 1059 1456 1115 ait:
1466 1058 1736 1133 «Diligitejustitiam
1749 1060 1872 1134 quijudics·

227 1149 423 1206 beatitudines
438 1153 535 1206 tenere
551 1149 635 1205 debet
650 1147 858 1221 principatum,
870 1149 926 1205 nisi
938 1155 1056 1223 sponta-
1108 1148 1146 1204 tis
1161 1153 1269 1205 terram
1286 1149 1359 1221 (Sap.
1376 1149 1408 1219 1)'.
1426 1171 1440 1198 u

228 1255 283 1295 nea
299 1237 476 1310 paupertas?
491 1238 530 1292 lix
546 1237 698 1310 ipsaenim
714 1243 823 1294 cetera
837 1239 960 1295 virtutes
975 1256 1054 1296 exor-
1145 1261 1159 1288 «
1177 1238 1255 1294 Beati
1270 1237 1319 1310 qui
1336 1253 1414 1294 nunc
1425 1237 1510 1303 lletis,
1527 1238 1596 1310 quia
1609 1235 1739 1293 ridebitis.
1755 1237 1833 1292 »dati
1845 1237 1874 1292 di·

227 1327 310 1383 dium
326 1327 473 1399 quoddam
490 1329 518 1383 et
533 1325 675 1400 originem
692 1333 822 1383 sumunt.
839 1327 1054 1401 Sioutdeniquo
1108 1331 1216 1382 cuntur
1230 1327 1342 1395 llentas,
1358 1325 1876 1400 nouilliquillentproptertemporaliun

227 1433 262 1473 ex
276 1433 336 1472 una
350 1416 447 1472 radice
463 1417 576 1472 arboris
592 1415 677 1472 multi
693 1417 765 1472 rami
782 1421 811 1472 et
823 1415 1052 1490 soliaprodeunt,
1108 1415 1217 1471 damna
1236 1415 1469 1485 commodorum,
1486 1420 1603 1488 propter
1623 1414 1789 1470 amissionem
1805 1415 1875 1471 obam-

227 1506 270 1563 sio
278 1522 312 1562 ex
320 1507 483 1579 spontanea
497 1506 775 1579 paupertatemultre
786 1505 907 1562 virtutes
916 1522 1055 1580 generan-
1108 1521 1186 1573 rum,
1204 1505 1254 1561 sed
1262 1504 1514 1578 quillentpropter
1522 1503 1718 1560 remissionem
1727 1506 1877 1577 peecatorum,

228 1599 284 1651 tur.
302 1595 356 1662 Qui
372 1595 452 1652 enim
468 1600 662 1668 spontaneam
678 1599 758 1650 amat
773 1599 986 1668 paupertatem,
999 1595 1055 1650 erit
1109 1593 1152 1649 vel
1172 1609 1224 1666 pro
1240 1594 1458 1666 exspectatione
1472 1592 1554 1666 regni
1567 1591 1709 1661 coelorum,
1724 1592 1767 1665 qui
1777 1593 1879 1647 veraciter

228 1683 393 1741 misericors
405 1683 1051 1758 perlargitatem.etnontenaxporovaritiam.
1108 1681 1880 1754 eumPsalmistadicerepossunt:«Deus,uitsmmeensr-

227 1774 289 1829 Erit
303 1777 516 1846 consequenter
529 1776 557 1828 et
568 1771 658 1840 mitis,
672 1771 742 1844 quia
757 1771 874 1828 divitias
882 1789 939 1827 non
951 1772 1054 1846 quierit
1069 1815 1093 1880 B
1109 1771 1240 1827 nuntiavi
1256 1771 1308 1826 tibi
1323 1769 1449 1844 posuisti
1464 1770 1609 1844 lacrymas
1629 1786 1705 1826 meas
1718 1770 1746 1826 in
1765 1774 1880 1841 conspectu

227 1878 280 1934 per
291 1862 475 1934 J'aotnntiam,
493 1860 543 1932 qui
558 1863 760 1933 paupertatem
771 1859 868 1934 diligit
883 1877 951 1916 oum
962 1861 1056 1916 bumi-
1112 1865 1161 1916 tuo
1182 1859 1268 1933 (Psoi,
1293 1859 1349 1932 av).
1365 1881 1379 1911 »
1406 1860 1441 1914 Et
1465 1859 1588 1916 iterum:
1612 1883 1626 1910 a
1643 1861 1761 1916 Fuerunt
1781 1857 1837 1912 mili
1853 1856 1882 1911 la·

227 1949 318 2006 litate,
335 1949 394 2005 erit
408 1954 437 2005 et
451 1948 601 2020 pacificus,
618 1949 688 2021 quia
703 1965 760 2004 non
771 1949 948 2006 eritoocasio
958 1950 1054 2006 rixan-
1110 1965 1214 2022 ocyma
1230 1966 1299 2004 mea·
1315 1965 1406 2022 panes
1422 1949 1468 2006 die
1484 1965 1517 2005 ac
1532 1953 1628 2017 nocte,
1643 1949 1710 2004 dum
1728 1947 1816 2003 dicitur
1832 1945 1881 2000 nbi

122 2031 127 2038 ’
228 2039 269 2108 di,
286 2038 336 2093 ubi
353 2054 410 2092 non
425 2037 1055 2109 estvoluntnsooquirendi.llabcbitetiamet
1110 2039 1253 2111 quotidie:
1270 2038 1324 2094 Ubi
1340 2042 1385 2094 est
1401 2043 1475 2095 Deus
1498 2037 1592 2095 tuus?
1606 2060 1621 2089 »ι
1647 2038 1727 2111 (Prot.
1750 2045 1805 2109 au.)
1823 2033 1883 2090 Tales

228 2126 325 2182 cordis
339 2125 528 2196 munditiam,
542 2125 611 2199 qnia
626 2125 702 2182 sicut
716 2126 758 2183 illi
775 2126 825 2200 qui
846 2129 964 2186 divitias
988 2128 1054 2184 dili·
1109 2126 1187 2182 enim
1205 2126 1353 2196 ridebunt,
1369 2121 1883 2200 quandoimplebitorillodquodiloni·

227 2219 312 2288 gunt,
328 2213 490 2270 turbulenti
506 2219 576 2270 sunt
594 2216 704 2285 animo,
719 2215 761 2272 ita
785 2218 835 2289 qui
862 2224 1053 2290 spontaneam
1110 2233 1166 2272 nus
1181 2217 1237 2272 ait:
1254 2240 1268 2266 a
1285 2216 1368 2271 Nunc
1383 2215 1501 2289 quidem
1519 2215 1673 2272 tristitiam
1684 2214 1795 2282 hahetis,
1807 2211 1883 2268 iterun

227 2307 430 2377 paupertatem
453 2307 563 2371 amant,
583 2303 700 2360 solliciti
722 2308 793 2361 sunt
815 2322 878 2378 qua
901 2306 951 2361 Dei
974 2309 1052 2374 snnt,
1110 2309 1207 2362 autem
1222 2305 1325 2362 videbo
1340 2321 1402 2373 vos,
1418 2309 1447 2361 et
1460 2305 1662 2378 gaudebitcor
1674 2307 1826 2372 vestrumst
1836 2317 1884 2374 gau·

228 2391 375 2466 quomodo
390 2390 524 2465 placeant
540 2393 607 2448 Deo.
624 2392 681 2448 Sed
696 2392 769 2449 illud
785 2391 939 2466 diligenter
957 2395 1054 2450 cousi·
1110 2394 1191 2452 dium
1213 2398 1344 2451 vestrum
1367 2411 1453 2450 nemo
1476 2393 1594 2452 tollcta
1616 2392 1695 2451 robis
1716 2394 1793 2464 (Jouc.
1813 2391 1881 2460 ruti

229 2482 403 2550 derandum,
420 2480 491 2554 quia
506 2480 556 2536 illa
570 2486 729 2554 paupertas
743 2481 900 2538 laudabilis
915 2487 969 2550 est,
990 2499 1053 2554 qua
1110 2482 1212 2540 ltisum
1229 2487 1327 2539 autem
1342 2482 1391 2540 hic
1406 2500 1462 2540 noa
1476 2482 1632 2556 pueriliter
1645 2483 1764 2556 accipere
1771 2481 1884 2543 dmemus,

228 2575 279 2628 aut
295 2571 402 2628 habero
417 2586 474 2626 non
491 2571 581 2644 cupit,
598 2573 649 2626 aut
667 2571 692 2626 si
717 2571 790 2626 forte
813 2571 911 2639 habet,
937 2577 1056 2645 propter
1109 2573 1159 2628 sed
1176 2572 1283 2628 mentis
1298 2573 1523 2629 exsultationem
1536 2577 1566 2628 et
1577 2568 1886 2647 gaudiumUndeetSrra

227 2664 320 2717 Deum
334 2657 539 2716 distribuenda
553 2658 702 2731 relinquit.
717 2659 1054 2717 UndoMatthaeusevan-
1109 2676 1144 2716 ox
1159 2660 1386 2734 repromissione
1411 2659 1503 2734 prolis
1529 2660 1698 2718 letabunda
1719 2659 1767 2716 ait:
1790 2682 1801 2708 ιι
1813 2657 1885 2712 eisne

228 2746 343 2823 gelista,
360 2753 393 2804 ut
406 2747 482 2804 hanc
493 2751 697 2822 paupertatem
704 2750 739 2806 ad
747 2749 958 2806 beatitudinem
967 2751 1054 2822 perti·
1110 2749 1183 2806 mihi
1198 2751 1266 2807 lecit
1280 2750 1451 2822 Deusltten.
1466 2750 1538 2822 κῃ).
1553 2774 1568 2802 a
1581 2753 1619 2808 lie
1631 2765 1687 2824 quo
1696 2766 1743 2823 per
1751 2743 1886 2804 beatumtob

228 2854 298 2896 nere
312 2836 489 2905 ostenderet,
505 2853 572 2894 cum
588 2837 787 2894 additamento
802 2837 882 2894 ait:«
895 2838 1053 2912 Beatipau·
1094 2829 1229 2896 dicitur:
1248 2861 1262 2891 a
1277 2840 1311 2895 llt
1336 2855 1368 2896 os
1396 2839 1546 2896 veracium
1577 2838 1743 2912 implebitur
1767 2836 1817 2892 risu
1839 2831 1885 2902 (lot.

231 2943 315 3001 peres
331 2927 448 3000 spiritu,
468 2926 609 2999 quoniam
624 2926 755 2999 ipsorum
770 2931 815 2984 est
829 2944 952 3002 regnum
968 2929 1053 2985 coelo-
1108 2928 1181 3001 viu),
1199 2951 1214 2980 u
1230 2929 1269 2985 De
1285 2945 1342 3002 quo
1358 2928 1446 2985 ctiam
1464 2927 1524 2983 risu
1543 2919 1887 2985 inlaudibusllcclesiadiri·

231 3031 297 3072 rum
312 3015 416 3088 (uacet.
432 3017 470 3085 v).
485 3015 542 3071 Alii
557 3015 636 3072 enim
649 3020 719 3072 sunt
738 3033 881 3090 pauperes
905 3017 1010 3090 spiritu
1026 3021 1055 3074 et
1108 3020 1170 3073 tur:
1188 3039 1202 3068 a
1217 3017 1350 3073 accinxit
1364 3015 1535 3072 tortitudine
1551 3016 1671 3073 lumbos
1686 3031 1760 3083 suos,
1774 3016 1798 3070 et
1813 3009 1888 3068 ridebit

230 3103 329 3173 rebus,
345 3102 394 3161 alii
410 3119 462 3161 nec
477 3104 566 3161 rebus
580 3119 632 3161 neo
648 3104 763 3177 spiritu,
779 3104 829 3161 alii
845 3106 933 3162 rebus
952 3110 980 3162 et
995 3123 1053 3162 non
1109 3106 1138 3162 in
1152 3106 1198 3162 die
1214 3106 1373 3162 novissimo
1389 3105 1615 3180 (Prou.xxx1).:u
1631 3105 1704 3170 Quia
1726 3120 1784 3160 vero
1799 3115 1839 3172 per
1850 3097 1887 3152 hn-

213 3193 345 3267 .spiritu,
361 3193 411 3249 atii
426 3192 532 3267 spiritu
543 3197 572 3250 et
584 3195 749 3250 nonrebus.
761 3194 858 3250 Rebus
871 3186 1088 3268 suntpaupe·G
1107 3194 1239 3251 militatis
1255 3195 1393 3252 moritum
1409 3195 1582 3268 pervenitur
1596 3195 1632 3251 ad
1648 3191 1772 3266 martyrii
1791 3186 1886 3264 premia

227 3299 274 3340 res
288 3287 316 3339 et
331 3299 388 3339 non
404 3283 519 3357 spiritu,
536 3284 586 3356 qui
601 3282 834 3352 nihilhabcntes,
845 3284 1052 3340 multababere
1106 3288 1181 3342 recte
1196 3289 1264 3358 post
1278 3283 1353 3341 elias
1368 3282 1569 3341 beatitudines
1585 3283 1776 3341 subinfertur:

225 3371 446 3446 concupiscunt.
463 3371 574 3445 Spiritu
589 3376 658 3428 sunt
672 3389 815 3445 pauperes
830 3378 859 3430 et
872 3391 929 3429 non
952 3373 1050 3442 rebus,
1144 3391 1155 3422 r
1172 3373 1252 3430 Beati
1267 3372 1348 3429 critis
1362 3387 1430 3428 cum
1445 3389 1495 3430 vos
1511 3372 1631 3430 oderint
1652 3369 1787 3439 homines,
1807 3367 1830 3422 el
1840 3375 1887 3418 tum

225 3461 302 3517 sieut
316 3460 359 3516 illi
373 3462 423 3534 qui
439 3461 601 3518 secundum
617 3461 800 3534 Apostolum,
817 3467 958 3536 tanquam
976 3461 1050 3518 nihil
1107 3485 1117 3513 ι
1136 3461 1334 3534 separaverint
1357 3477 1408 3518 ros
1424 3466 1454 3517 et
1477 3461 1727 3535 exprobraverint,
1750 3463 1776 3516 et
1786 3450 1888 3528 ejecerint

225 3549 378 3618 habentes,
394 3550 530 3607 stomnia
539 3551 721 3623 possidentes
735 3551 1052 3624 sunt,qualesluerunt
1106 3573 1121 3602 a
1135 3567 1241 3606 nomeu
1257 3553 1389 3606 vestrum
1405 3554 1549 3623 tauquam
1566 3549 1679 3607 malum
1694 3551 1799 3623 propter
1813 3539 1889 3598 lilium

222 3639 379 3707 Abraham,
394 3639 483 3696 Jacob
500 3643 528 3695 et
542 3639 650 3695 David:
667 3640 717 3713 qui
732 3639 1051 3712 regalisoliosnblimo-
1104 3639 1264 3696 «hominis.
1274 3638 1889 3713 uUbiostenditurquispersecutioprarorua

221 3733 270 3786 lus
286 3733 358 3799 erat,
371 3743 529 3802 pauperem
541 3745 573 3785 so
583 3728 710 3786 ostendit
724 3729 1049 3803 spiritu‚dieeus:·«llgo
1104 3746 1161 3785 non
1176 3733 1220 3786 est
1234 3728 1434 3796 timcndo‚sed
1444 3728 1757 3802 potiuscumadtuerit,
1768 3716 1888 3780 ularuta

225 3821 323 3874 autem
341 3818 493 3875 mendicus
510 3835 576 3874 sum
592 3823 621 3874 ot
635 3834 747 3893 pauper
762 3819 847 3889 (Psoi.
863 3821 969 3887 xxxrx).
987 3840 1001 3868 »
1017 3820 1051 3874 llt
1103 3816 1183 3890 quia,
1200 3816 1276 3872 sicut
1290 3815 1363 3872 dixit
1376 3815 1684 3890 Jaoohusapostolus,
1695 3801 1888 3874 «Bearusdrtli

223 3906 347 3963 iterum:
365 3929 379 3958 a
392 3907 487 3980 ligeris
503 3924 580 3978 sum,
604 3911 632 3963 ot
647 3907 677 3962 in
699 3906 851 3964 laboribus
866 3909 1049 3980 ajuventute
1102 3907 1206 3962 suffert
1220 3906 1423 3970 tentationem,
1439 3905 1585 3978 quoniam
1602 3903 1807 3977 comprobatus
1820 3891 1887 3954 luent

223 4010 289 4051 mea
304 3996 387 4068 (Psoi.
405 3997 537 4070 nxxxvnt.
555 4018 569 4046 »
584 3997 641 4052 Nec
666 3997 755 4052 rebus
770 4013 823 4053 neo
847 3997 951 4070 spiritu
978 3998 1050 4052 sunt
1103 3994 1226 4067 accipiet
1240 4011 1377 4050 coronam
1392 3993 1467 4063 vitae,
1481 4010 1573 4066 quam
1593 3992 1759 4068 repromisit
1772 3989 1835 4046 Deus
1845 3979 1888 4037 dili·

218 4100 373 4159 pauperes,
390 4085 493 4144 divites
508 4085 637 4158 superbi,
653 4085 702 4158 qui
718 4085 908 4142 facultatibus
922 4085 1049 4158 locuple·
1102 4083 1240 4158 gentibus
1256 4101 1287 4139 so
1302 4085 1370 4158 (loc.
1380 4083 1412 4156 l),
1427 4083 1557 4140 »Verum
1568 4071 1887 4142 subtiliusdiecutiendtffl

218 4175 281 4244 tati,
299 4173 493 4232 nihilominus
508 4180 604 4231 mente
621 4179 690 4230 sunt
705 4175 868 4248 turgidille
884 4173 990 4247 quibus
1006 4173 1047 4230 di·
1101 4180 1156 4245 est,
1174 4173 1314 4248 quianon
1330 4192 1383 4231 nos
1395 4175 1431 4230 ad
1442 4178 1576 4231 nostram
1586 4172 1807 4248 persecutionem
1816 4173 1889 4238 paros

217 4263 296 4321 oitur
309 4263 339 4321 in
364 4263 497 4322 Psalmo:
515 4287 528 4316 a
546 4265 617 4320 Ecce
633 4263 689 4337 ipsi
713 4269 879 4336 peccatores
904 4267 933 4320 et
950 4264 1044 4319 abun·
1101 4263 1237 4321 homines
1253 4279 1435 4320 commovere
1450 4263 1606 4333 debemus,
1623 4264 1675 4320 sed
1691 4261 1780 4336 potius
1793 4249 1888 4320 cumil'

218 4355 322 4412 dantes
337 4353 367 4410 in
383 4352 490 4410 seculo
505 4353 695 4410 obtinuerunt
711 4339 827 4409 diuitias
837 4353 1046 4426 (Psctarxntu
1101 4351 1183 4409 stitia
1193 4352 1400 4410 etrectitudino
1414 4335 1890 4426 quantumpossumus,eunlueiut

218 4444 316 4500 liebus
330 4448 359 4500 et
372 4443 477 4516 spiritu
493 4446 563 4498 sunt
584 4458 727 4514 pauperes
750 4441 870 4514 perlecti
895 4440 1044 4508 monachi,
1101 4441 1252 4510 commoti,
1270 4441 1416 4514 mitigare.
1443 4439 1567 4505 Quodsi
1600 4441 1749 4514 quiescere
1771 4425 1889 4490 noluerint

217 4532 267 4604 qui
283 4537 401 4605 propter
414 4533 506 4588 Deum
521 4531 620 4588 omnia
636 4529 905 4603 relinquentes,neo
915 4530 1046 4604 corporis
1062 4558 1084 4624 D
1101 4529 1196 4604 magis
1212 4530 1447 4603 persecutionem
1463 4529 1666 4599 tolerandam,
1683 4541 1767 4602 quam
1780 4515 1891 4612 J'ustilism

213 4621 322 4694 proprii
338 4624 511 4694 potestatem
533 4623 561 4676 in
588 4637 641 4676 suo
666 4619 788 4676 arbitrio
815 4619 997 4693 relinquunt,
1016 4624 1044 4675 et
1100 4619 1336 4692 relinquendam.
1354 4619 1435 4684 Quod
1452 4617 1529 4674 alius
1543 4618 1727 4693 evangelista
1748 4607 1891 4669 multatus

213 4710 280 4766 ideo
296 4711 406 4785 quanto
421 4709 468 4766 hio
489 4715 607 4784 propter
628 4709 719 4766 Deum
746 4714 817 4766 sunt
841 4709 1041 4782 pauperiores,
1099 4707 1238 4775 declarat,
1255 4707 1375 4764 dicens:
1394 4731 1408 4759 a
1422 4707 1502 4764 Beati
1513 4707 1563 4780 qui
1572 4707 1801 4781 persecutionem
1809 4692 1892 4771 pelion·

214 4803 296 4854 tanto
312 4801 342 4856 in
358 4799 457 4856 lutura
471 4798 564 4873 gloria
579 4804 665 4854 erunt
680 4799 812 4866 ditiores,
824 4799 910 4870 juxta
921 4797 1044 4872 promis·
1098 4801 1147 4852 tur
1161 4801 1281 4870 propter
1293 4796 1601 4870 Justitiam,quoniam
1612 4797 1745 4870 ipsorum
1756 4791 1890 4876 eslmgssttl

213 4887 326 4945 sionem
341 4889 458 4945 Domini
475 4887 645 4944 dicentisze
663 4887 764 4944 Omnis
780 4887 1042 4961 quiroliqueritdo·
1100 4885 1448 4958 caeterorummetum.»
1474 4885 1725 4943 Sustiueutenim
1747 4873 1890 4939 multasto·
1943 4899 1944 4952 3

207 4991 298 5045 mum,
314 4993 410 5051 agros,
425 4981 537 5052 patrem
554 4981 583 5034 et
598 4982 736 5045 matrem,
754 4979 860 5033 tratres
879 4980 1043 5045 etsorores,
1098 4975 1266 5034 balationes
1281 4973 1446 5043 homicidae,
1463 4973 1601 5044 adulteri,
1621 4969 1892 5050 sures,alieoarum1tj
1943 4957 1944 5040 l

206 5075 324 5120 uxorem
339 5071 368 5120 et
383 5066 458 5122 lilios
474 5070 595 5141 proptor
609 5084 665 5132 me,
685 5066 859 5139 centuplum
871 5065 1042 5137 accipiet,et
1096 5081 1162 5120 rom
1180 5063 1340 5120 invasores.
1359 5063 1416 5120 Neo
1431 5066 1530 5118 tamen
1542 5058 1777 5136 talispersecutio
1787 5052 1817 5111 ad
1827 5045 1892 5105 bau
1943 5061 1944 5140 p

203 5147 293 5204 vitam
308 5155 444 5209 aeternnm
460 5155 625 5228 possidebit
641 5157 751 5225 (tluttlr.
771 5155 842 5228 xlx).
860 5177 874 5204 »
1089 5143 1224 5210 *udinem
1240 5152 1385 5224 perducit,
1397 5167 1463 5225 que
1474 5139 1890 5224 propterjastitiamsustinctur.

242 5238 401 5310 «beatiqui
416 5242 1034 5317 nuncssuritis,quiasaturabiminieouid
1089 5243 1170 5300 Unde
1184 5259 1238 5298 nos
1251 5241 1393 5298 admonet
1408 5241 1519 5298 beatus
1534 5240 1654 5306 Petrus,
1669 5238 1779 5295 dicens:
1800 5253 1811 5281 a
1824 5223 1891 5282 Ntffll

200 5325 311 5384 esurire
325 5326 370 5383 vel
387 5328 467 5385 sitire
485 5332 612 5388 debeant
624 5333 674 5405 qui
690 5333 726 5388 ad
741 5333 952 5388 beatitudinem
968 5348 1034 5404 per·
1088 5335 1220 5388 vestrum
1237 5330 1365 5404 patiatur
1381 5330 1469 5404 quasi
1489 5328 1653 5400 homicida,
1671 5307 1891 5390 autlanautadul·

197 5416 294 5475 venire
308 5416 490 5490 desiderant,
507 5419 583 5476 alius
598 5421 1034 5492 evangelistaruanilestiusdc·
1089 5425 1143 5490 ter,
1160 5423 1210 5476 aut
1225 5435 1325 5492 rapax.
1340 5419 1371 5475 Si
1386 5423 1484 5476 autem
1502 5422 1536 5475 ut
1549 5416 1755 5480 Christianus,
1778 5422 1826 5465 nou
1845 5413 1891 5456 ert·
1943 5453 1944 5484 ,

194 5507 295 5579 clarat,
311 5507 430 5565 dicens:
447 5525 461 5558 a
478 5507 557 5562 boati
574 5509 624 5579 qui
641 5510 784 5565 esuriunt
799 5515 827 5566 et
840 5509 1035 5582 sitiuntjusti
1088 5511 1198 5579 bascat,
1215 5509 1265 5567 sed
1281 5506 1425 5580 glorificet
1439 5507 1531 5564 Deum
1547 5505 1581 5562 in
1597 5507 1660 5564 isto
1676 5503 1790 5562 nomine
1810 5495 1830 5568 (l
1839 5493 1891 5547 Patr·

192 5617 277 5722 tiam.
296 5597 437 5680 quoniam
453 5595 510 5676 ipsi
526 5596 852 5672 saturabunturdloot.
870 5600 907 5680 r).
919 5599 1032 5666 »tusti-
1089 5599 1137 5676 w).
1154 5617 1167 5650 a
1188 5599 1219 5655 llt
1235 5596 1302 5672 quis
1317 5600 1362 5654 est
1377 5595 1427 5674 qui
1451 5593 1535 5656 vobis
1553 5597 1676 5666 noceat,
1695 5591 1720 5656 si
1735 5571 1890 5648 uariauit
