3872 6168
82 344 127 405 ιιι
669 333 845 398 aonium
867 335 916 398 ns
938 310 1142 402 'rannone
1690 350 1750 412 aas

81 491 112 532 nu
137 471 204 528 deta
217 472 259 524 est
281 467 342 539 jam
368 468 470 539 parata
484 465 706 522 convivantibus
720 466 873 540 discipulis
887 471 914 539 Α
930 492 945 519 ιι
960 473 1110 528 aurnum.
1124 494 1138 522 ιι
1154 474 1315 547 AEtecuum,
1332 493 1385 549 pro
1400 494 1549 551 nunqnam
1566 480 1680 551 posuit:
1697 484 1749 541 sed

77 578 135 619 eum
149 557 288 631 magistro.
928 559 1047 616 territus
1062 563 1251 634 responsione
1266 563 1392 635 Domini,
1406 566 1478 622 dixit
1494 583 1501 622 τ

105 672 117 701 ι
131 649 195 704 Cum
209 643 339 702 diabolus
349 644 412 716 jam
429 641 559 700 misisset
571 643 600 699 in
615 659 665 701 cor
688 647 721 700 ut
746 645 873 702 traderet
965 669 978 698 ι
993 648 1124 718 Domine,
1142 667 1200 708 non
1223 657 1338 710 tantum
1362 655 1461 726 pedes,
1478 655 1528 712 sod
1551 661 1579 713 et
1602 673 1708 713 maniis
1724 666 1751 716 et

76 755 158 795 icum
171 735 254 792 Judas
267 733 393 791 Simonis
407 733 577 791 Scariothis.
595 755 609 784 ιι
623 734 653 790 Si
670 735 776 808 queris
800 734 871 808 quid
927 758 941 786 ιι
959 741 1057 811 caput.
1077 761 1090 788 ιι
1106 741 1348 815 Quandoquidem
1363 743 1405 799 sic
1421 743 1542 802 mineris
1558 745 1682 805 lavanda
1698 749 1751 812 tibi

74 829 180 886 missum
191 823 265 882 sitin
275 822 488 892 cortudo,boc
498 822 600 896 utique
610 823 780 880 uttraderct
792 839 870 880 eum.
927 841 994 882 mea
1008 828 1148 898 membra,
1158 847 1216 886 non
1232 830 1327 890 selum
1340 830 1399 890 ima
1415 850 1472 888 non
1487 835 1639 904 subtraho,
1650 853 1751 894 verum

73 916 157 976 Missis
171 915 233 980 ista,
248 911 387 986 spiritalis
402 911 553 987 suggestio
568 915 612 970 est
627 931 633 969 :
650 929 708 970 non
734 913 763 969 in
786 927 872 969 aures
926 914 1015 972 etiam
1030 916 1126 990 prima
1149 919 1316 978 substerno.
1332 921 1372 978 Ne
1388 921 1461 978 mibi
1476 939 1564 997 neges
1577 917 1764 998 capiendam

73 1003 224 1078 corporales,
240 1003 289 1058 sed
313 999 343 1057 in
368 1017 418 1057 car
440 1001 627 1058 consentiens
652 1001 763 1074 inique.
790 1000 873 1058 Sicut
926 1005 1023 1062 tecum
1044 1011 1168 1078 partem,
1185 1007 1296 1066 nullam
1321 1009 1374 1066 tibi
1396 1027 1468 1085 nego
1492 1012 1669 1070 abluendam
1694 1017 1752 1074 mci

72 1093 231 1152 enimbonae
241 1089 429 1165 cogitationes
439 1089 583 1164 benignus
593 1089 715 1164 spiritus
727 1089 871 1156 immittit,
926 1094 1056 1166 corporis
1071 1101 1195 1168 partem.

73 1181 106 1241 ric
118 1180 202 1238 malas
211 1179 398 1254 cogitationes
410 1177 557 1252 malignus
568 1179 709 1253 suggerit.
719 1179 775 1235 Sed
786 1178 872 1234 inter·
963 1206 977 1234 ιι
994 1184 1154 1258 Respondit
1169 1184 1194 1241 ei
1208 1186 1295 1244 lesus
1311 1204 1318 1243 ε
1336 1189 1389 1255 Qui
1407 1188 1484 1247 letus
1508 1195 1563 1260 est,
1579 1210 1637 1250 non
1664 1195 1753 1252 habet

72 1276 106 1330 est
125 1271 292 1345 quibusnam
308 1273 408 1326 eorum
433 1285 517 1325 mens
543 1269 674 1325 humana
697 1266 870 1336 consentiet,
927 1295 941 1322 ιι
956 1289 1030 1346 opus
1045 1273 1101 1331 nisi
1116 1275 1204 1348 pedes
1219 1274 1326 1349 lavare,
1349 1279 1400 1336 set
1422 1283 1468 1336 est
1483 1281 1612 1338 mundus
1627 1287 1717 1340 totus.
1736 1307 1750 1336 ιι

72 1359 151 1417 divino
165 1357 278 1425 auxilio,
291 1357 335 1414 vel
350 1348 532 1430 deserta'per
546 1357 695 1422 meritum,
710 1357 753 1414 vel
770 1357 873 1429 adjuta
926 1363 1076 1428 Quomodo
1091 1368 1169 1421 totus
1184 1369 1229 1422 cst
1242 1367 1382 1436 mundus,
1392 1371 1421 1424 et
1436 1367 1536 1441 utiquc
1551 1374 1649 1428 tamen
1660 1374 1751 1446 pedes

71 1446 248 1522 pergratiam.
265 1445 335 1502 Sine
350 1446 406 1501 tide
422 1444 471 1502 Dei
494 1445 624 1518 proditor
647 1445 682 1501 ud
707 1445 870 1501 convivium
926 1451 953 1506 ei
969 1449 1084 1511 lavandi
1098 1459 1178 1521 sunt,
1194 1454 1250 1512 nisi
1267 1455 1336 1528 quia
1362 1458 1491 1514 mundus
1515 1462 1561 1516 eet
1584 1459 1613 1516 in
1637 1461 1751 1519 taaraero

71 1555 115 1593 11⁰⁰
129 1536 241 1592 credens
256 1533 347 1591 Deum
365 1551 439 1602 8⁵³0,
454 1551 541 1607 (tuem
558 1534 671 1591 tradere
686 1549 744 1590 non
763 1535 871 1608 cogita·
927 1541 1020 1597 sancti
1036 1541 1242 1615 baptismatis?
1254 1543 1284 1600 ln
1300 1544 1447 1618 baptismo
1462 1563 1590 1620 namque
1604 1550 1753 1608 donantur

70 1623 268 1695 bnt,videbetur
280 1628 307 1680 ct
321 1623 503 1680 tolerabatur
516 1624 545 1680 in
562 1639 595 1680 eo
609 1639 697 1696 quem
713 1623 773 1679 iulii
790 1627 873 1696 puta·
926 1629 1013 1686 nobis
1027 1632 1126 1686 omnia
1140 1630 1255 1690 delicta.
1269 1634 1325 1689 Sed
1341 1634 1419 1690 sicut
1434 1652 1497 1708 pes.
1509 1635 1559 1708 qui
1574 1641 1682 1696 terram
1696 1640 1752 1696 cal-

70 1716 117 1785 bat,
131 1713 288 1778 fallebatur.
309 1714 356 1786 cuj
362 1729 395 1770 us
411 1711 524 1770 malitia
538 1711 654 1770 bouitas
669 1713 719 1769 Dei
736 1715 873 1770 utebatur
927 1722 983 1788 cat,
1000 1737 1058 1776 non
1073 1725 1169 1793 potest
1184 1721 1296 1795 absque
1311 1723 1448 1782 sordibus
1461 1740 1536 1794 esse,
1548 1725 1590 1782 sic
1604 1745 1690 1786 nemo
1701 1746 1752 1803 po·

70 1803 221 1861 adsalutem
236 1801 370 1859 aliorum.
927 1811 984 1864 test
998 1807 1092 1865 vivere
1107 1809 1171 1869 aine
1187 1810 1322 1884 peccatis,
1340 1828 1392 1885 pro
1410 1812 1525 1886 quibus
1543 1815 1673 1886 quotidie
1688 1835 1752 1875 ora·

98 1917 109 1942 ιι
124 1892 217 1949 Sciens
231 1891 302 1964 quia
330 1891 428 1948 omnia
444 1891 523 1948 dedit
536 1891 562 1948 ei
579 1891 663 1948 Pater
677 1891 706 1947 iu
723 1908 840 1960 manus,
859 1913 873 1942 ιι
928 1911 1014 1952 mus:
1032 1919 1046 1947 ιι
1063 1896 1182 1954 Dimitte
1207 1897 1292 1956 nobis
1314 1899 1411 1958 debita
1435 1901 1721 1980 austremonium).
1738 1930 1753 1958 ιι

71 1997 126 2054 ergo
139 1980 272 2054 etipsnm
287 1981 471 2038 traditorem.
480 1979 552 2037 Nam
566 1981 590 2037 si
607 1997 674 2037 eum
689 1981 718 2036 in
737 1980 874 2037 manibus
928 1985 1035 2043 Iterum
1051 1984 1169 2058 pulvere
1183 1991 1304 2044 terrena
1319 1988 1510 2047 habitationis
1524 1991 1614 2049 homo
1625 1994 1757 2052 sordida·

71 2085 115 2126 non
126 2069 314 2138 beberet,ncn
326 2070 428 2142 utique
438 2067 489 2125 illo
500 2073 632 2126 uteretur
645 2073 677 2125 ut
691 2069 785 2125 vellet.
795 2070 875 2126 Scis·
927 2077 986 2140 tus,
996 2089 1114 2132 necesse
1125 2075 1213 2132 habet
1225 2076 1331 2133 iterum
1343 2076 1432 2136 lavari
1449 2095 1501 2152 per
1514 2081 1639 2153 gratiam
1651 2083 1754 2141 divine

71 2160 109 2214 bet
121 2161 191 2214 enim
207 2157 351 2216 Dominus
367 2159 437 2232 quid
453 2159 560 2216 iaceret
575 2175 626 2232 pro
642 2159 753 2226 emicis,
764 2159 813 2231 qui
826 2175 876 2232 pa·
928 2161 1055 2236 pietatis,
1072 2162 1138 2220 licet
1154 2164 1235 2238 prius
1250 2167 1351 2222 eadem
1367 2167 1462 2241 gratia
1476 2173 1554 2224 esset
1569 2173 1650 2228 totus
1666 2189 1755 2228 mun·

69 2249 155 2306 Denter
168 2249 303 2306 utebatur
317 2247 564 2304 inimicisSciens
574 2248 662 2304 etiem
675 2271 689 2298 ιι
701 2247 770 2320 quia
784 2266 801 2302 a
817 2249 874 2304 Deo
929 2251 1026 2318 datos,
1041 2251 1174 2324 apostolo
1189 2253 1302 2310 loanne
1317 2257 1472 2312 attestante
1489 2272 1495 2311 :
1514 2279 1528 2306 ιι
1546 2257 1575 2314 Si
1595 2258 1755 2318 dixerimus

69 2359 80 2386 ι
93 2338 159 2406 exiit,
175 2343 201 2394 et
214 2339 250 2394 ad
267 2338 362 2406 Deum
377 2337 466 2393 vadit.
484 2359 498 2386 ιι
514 2335 571 2393 Nec
598 2339 699 2409 Deum,
715 2353 782 2392 cum
807 2336 875 2392 inde
929 2339 999 2412 quie
1013 2342 1164 2413 peceatum
1181 2358 1239 2398 nou
1260 2340 1413 2410 babemus,¹
1429 2345 1565 2418 nosipsos
1580 2345 1755 2420 decipimus,

69 2426 151 2497 exiret,
166 2445 215 2484 nec
231 2444 285 2484 nos
301 2427 452 2494 deserens,
468 2442 535 2483 cum
550 2425 668 2482 rediret.
929 2433 958 2484 et
972 2428 1079 2485 veritas
1096 2429 1125 2484 in
1151 2428 1238 2487 uobis
1259 2447 1316 2486 non
1342 2435 1386 2488 est
1401 2432 1426 2505 (I
1438 2437 1520 2491 Ιοοιι.
1538 2435 1569 2506 t).
1586 2457 1601 2486 ιι
1623 2435 1757 2500 Quotidie

96 2517 211 2591 «Surgit
226 2533 351 2584 ecoena,
368 2521 396 2572 et
410 2515 493 2590 ponit
512 2514 686 2572 vestimenta
709 2532 773 2572 sua.
792 2537 803 2564 ι
822 2517 875 2572 Lo·
929 2517 1020 2591 igitur
1035 2519 1123 2590 pedes
1137 2516 1214 2574 lavat
1229 2519 1324 2588 nobis,
1334 2519 1384 2594 qui
1400 2521 1568 2595 interpellat
1582 2539 1634 2596 pro
1650 2525 1755 2583 nobis:

71 2609 173 2662 tuturus
200 2593 380 2679 evangeliste
396 2605 432 2661 de
454 2607 536 2660 tanta
558 2604 673 2661 Domini
698 2604 874 2674 bumilitate,
929 2611 957 2662 et
972 2607 1104 2680 quotidie
1118 2624 1172 2663 uos
1192 2607 1300 2664 hebere
1315 2625 1399 2681 opus,
1416 2614 1449 2666 ut
1464 2611 1553 2683 pedes
1567 2611 1709 2684 iuvemus,
1726 2615 1756 2670 in

72 2694 138 2766 prius
151 2697 211 2767 ejus
221 2693 427 2752 celsitudinem
438 2693 529 2748 voluit
539 2694 754 2750 commendare.
766 2695 809 2749 Ad
821 2693 876 2750 hoo
929 2694 994 2767 ipsa
1008 2695 1138 2751 oratione
1154 2695 1305 2751 Dominica
1321 2699 1505 2765 eoniitemur,
1521 2716 1587 2755 cum
1604 2700 1731 2759 dicimus
1747 2721 1755 2760 τ

72 2782 177 2856 pertinet
191 2784 268 2857 quod
291 2783 357 2848 ait:
375 2807 388 2834 ιι
406 2782 506 2839 Sciens
531 2781 600 2855 quia
624 2783 723 2839 omnia
747 2783 828 2839 dedit
850 2782 876 2838 ei
930 2807 944 2834 ιι
961 2783 1081 2839 Dimitte
1096 2783 1183 2839 nobis
1197 2783 1295 2839 debita
1310 2789 1421 2853 nostra,
1435 2786 1510 2841 sicut
1524 2791 1552 2844 et
1567 2803 1621 2846 uos
1635 2789 1757 2846 dimitti-

72 2871 139 2927 l’ater
151 2873 178 2928 iu
197 2889 314 2929 manus.
333 2895 347 2922 ιι
363 2872 425 2928 Νοο
452 2871 501 2928 Dei
526 2871 654 2941 Domini,
672 2873 721 2928 sed
747 2869 877 2928 hominis
931 2889 998 2928 mus
1013 2871 1194 2928 debitoribus
1209 2873 1328 2929 nostrie.
1340 2895 1354 2922 ιι
1363 2897 1377 2922 ιι
1391 2874 1598 2934 litvosmundi
1615 2879 1756 2944 estis‚ssd

73 2961 132 3015 seni
144 2960 269 3036 implevit
284 2961 428 3018 cilicium.
445 2961 539 3017 Tanta
553 2965 598 3017 est
613 2961 722 3034 quippe
740 2959 877 3016 humana
934 2985 944 3013 ι
960 2977 1017 3016 uon
1029 2977 1162 3016 omnes.»
1173 2961 1254 3025 Quod
1264 2961 1450 3036 Evangelista
1460 2963 1757 3038 sequentibusverbis

73 3047 359 3118 humilitatisutilitas,
369 3054 475 3107 uteam
488 3049 706 3106 commendaret
716 3065 769 3105 suo
780 3065 877 3105 exem·
931 3048 1058 3124 exponit,
1074 3048 1139 3106 ideo
1155 3053 1342 3107 transeamus
1357 3052 1392 3108 ad
1410 3056 1522 3110 cetera.

73 3135 109 3209 plo
121 3139 200 3196 etiem
215 3139 315 3197 divina
330 3137 507 3196 sublimitas.
517 3162 531 3189 ι
542 3137 670 3211 Surgita
684 3153 775 3206 omna,
784 3158 799 3188 ιι
812 3137 876 3195 des·

967 3161 981 3188 ιι
997 3137 1155 3210 Postquam
1170 3154 1239 3213 ergo
1253 3138 1324 3195 lavit
1339 3139 1428 3212 pedes
1442 3157 1576 3197 eorum.»
1590 3142 1621 3199 Id
1638 3147 1691 3212 est,
1701 3143 1757 3201 im-

73 3225 150 3282 ecudit
171 3227 205 3284 de
228 3225 409 3285 caelestibus.
427 3251 441 3279 ιι
457 3225 558 3284 Posuit
580 3225 755 3283 vestimenta
779 3242 843 3296 sua,
860 3248 875 3276 ιι
891 3215 912 3283 C
931 3225 1009 3300 pieta
1017 3225 1226 3299 redemptionis
1235 3227 1532 3302 uostraepurgatioue,
1542 3247 1594 3302 per
1603 3232 1757 3306 sanguinis

72 3311 93 3368 id
106 3320 152 3388 est,
161 3315 351 3391 semetipsum
362 3315 529 3373 exinanivit.
540 3339 555 3367 ι
568 3319 640 3372 Cum
651 3313 811 3388 accepisset
822 3314 876 3370 lin·

73 3423 82 3450 ι
95 3406 172 3473 bum,
188 3405 340 3479 precinxit
355 3423 397 3474 se,
415 3427 429 3455 ιι
445 3405 570 3462 sormam
586 3403 661 3461 servi
677 3403 814 3462 induens.

99 3493 201 3550 «Mittit
215 3513 324 3570 aquarn
339 3493 370 3550 in
386 3493 504 3568 pelvim,
522 3515 537 3544 ιι
553 3493 582 3550 id
598 3495 652 3561 eet,
669 3493 745 3550 indit
758 3493 876 3568 sangui·

73 3595 124 3637 nem
142 3599 223 3640 suum
249 3584 279 3642 in
304 3577 427 3656 terram,
444 3587 477 3639 ut
491 3583 648 3639 mundaret
662 3581 693 3637 in
711 3597 742 3638 se
757 3583 876 3639 creden-

73 3669 131 3725 tium
144 3672 260 3746 vestigia
270 3689 337 3748 qum
348 3673 473 3730 terrenis
483 3669 611 3750 peccatis
623 3669 741 3726 sordida
751 3671 876 3741 inerant,

74 3761 95 3810 et
106 3763 251 3834 extergeret
264 3761 369 3828 linteo,
385 3777 443 3833 quo
466 3762 539 3828 crat,
554 3759 584 3816 id
606 3763 660 3828 est,
677 3760 806 3832 corporis
830 3759 877 3817 sui

75 3841 144 3902 lateo
156 3865 210 3922 quo
224 3856 287 3907 erat
302 3849 489 3924 precinctus,
500 3852 647 3922 purgaret,
658 3849 727 3922 quia
741 3852 802 3906 tota
813 3851 877 3922 ejus

75 3935 152 4004 passio
164 3943 206 3995 est
221 3938 368 4013 purgatio.
377 3937 453 3994 Dum
464 3938 588 3994 sormam
600 3938 675 3994 servi
686 3937 808 4010 aceepit,
818 3954 876 3995 non

76 4027 135 4095 quod
145 4027 264 4085 babebat
274 4027 400 4097 dimisit,
408 4027 459 4084 sed
471 4027 547 4102 quod
560 4043 615 4083 nou
627 4026 754 4084 habebat
764 4043 877 4084 esaum·

75 4114 127 4184 psit.

101 4225 112 4252 ιι
125 4203 200 4262 l'suit
213 4225 281 4282 ergo
297 4207 335 4264 ad
355 4206 505 4264 Simonem
521 4205 651 4262 Petrum.
669 4227 683 4254 ιι
698 4205 761 4262 Non
775 4205 816 4262 ita
830 4205 875 4262 in-

75 4288 237 4366 telligendam
252 4299 297 4352 est
312 4294 409 4368 qussi,
426 4294 550 4352 aliorum
564 4293 690 4367 pedibus
705 4293 818 4363 lavetis,
828 4311 875 4350 ve·

76 4378 188 4438 nissetad
199 4384 327 4458 primum
340 4383 516 4456 apostatum,
527 4383 577 4440 sed
587 4382 658 4456 quia
668 4383 736 4442 inde
745 4383 874 4457 primum

77 4469 219 4540 copit,idco
229 4471 395 4547 expavescit
410 4471 565 4539 Petrus,ut
575 4470 625 4527 Dei
639 4470 730 4527 Filias
745 4469 770 4528 ei
787 4471 875 4544 pedes

930 3314 976 3372 sui
991 3315 1174 3382 allusionem,
1184 3315 1295 3390 accepit
1311 3315 1485 3374 vestimenta
1496 3335 1559 3388 sua,
1569 3319 1654 3376 tertia
1665 3319 1711 3378 die
1721 3322 1757 3378 de

931 3401 1065 3476 sepulcro
1081 3419 1248 3478 resurgens,
1265 3407 1293 3460 et
1315 3405 1417 3462 eodem
1443 3421 1560 3480 corpore
1576 3425 1634 3480 quo
1649 3409 1758 3466 morie-

930 3493 1019 3550 batur
1032 3491 1062 3548 in
1078 3509 1173 3561 cruce,
1188 3493 1365 3550 immortalis
1379 3495 1475 3551 iaetus
1498 3499 1527 3552 et
1540 3496 1675 3554 vestitus.
1692 3521 1706 3549 ιι
1723 3499 1760 3554 nt

930 3599 998 3638 cum
1014 3581 1206 3652 recubuisset,
1224 3605 1238 3633 ιι
1254 3582 1309 3640 boo
1325 3587 1378 3653 est,
1390 3583 1497 3641 iterum
1510 3585 1641 3643 escendit
1656 3585 1686 3642 in
1701 3603 1757 3643 οω-

930 3671 1003 3740 lum,
1020 3671 1049 3727 in
1065 3673 1214 3728 dexteram
1231 3671 1281 3728 Dei
1297 3673 1412 3744 sedens,
1429 3678 1458 3730 et
1476 3674 1506 3730 in
1528 3675 1683 3747 majestate
1707 3693 1758 3748 pa-

931 3766 1018 3818 ternae
1034 3759 1195 3816 divinitatis
1210 3760 1395 3829 recumbens,
1406 3763 1483 3818 unde
1498 3762 1604 3820 iterum
1616 3766 1758 3821 venturus

931 3854 975 3906 est
994 3849 1128 3922 judicare
1152 3849 1233 3906 vivos
1261 3853 1290 3906 et
1318 3855 1460 3908 mortuos.
1490 3851 1630 3925 Sequitur
1652 3853 1756 3909 enim:

931 3963 944 3990 ιι
961 3937 1039 3994 Dixit
1052 3939 1095 3993 eis
1111 3955 1117 3992 :
1134 3936 1222 3993 Scitis
1236 3937 1306 4010 quid
1325 3939 1441 3996 fecerim
1467 3939 1574 3997 vobis?
1590 3963 1604 3991 ιι
1629 3941 1689 3997 Ηοο
1705 3941 1756 4011 ait,

931 4028 1008 4100 quod
1025 4029 1091 4082 ente
1106 4026 1290 4099 promiserat,
1308 4028 1379 4083 dum
1396 4028 1479 4084 Petro
1492 4029 1623 4102 apostolo
1639 4047 1757 4105 respon-

930 4115 989 4172 dit:
1006 4138 1020 4166 ιι
1036 4115 1117 4181 Quod
1133 4131 1187 4188 ego
1203 4113 1287 4182 isoio,
1304 4121 1335 4171 tu
1352 4116 1447 4172 nescis
1463 4118 1560 4186 modo,
1573 4117 1648 4174 scies
1659 4123 1757 4174 autern

929 4207 1040 4278 postea.
1059 4225 1073 4254 ιι
1087 4203 1171 4259 Nunc
1185 4206 1230 4258 cst
1243 4202 1317 4258 illud
1334 4207 1401 4260 ante
1416 4205 1605 4276 promissum.

965 4317 979 4344 ιι
995 4292 1053 4348 Vos
1067 4290 1178 4348 vocatis
1197 4307 1244 4347 me
1269 4289 1409 4364 Magister
1432 4296 1460 4348 et
1481 4291 1613 4362 Domine,
1629 4295 1657 4348 et
1682 4293 1757 4351 bene

930 4406 943 4434 ιι
960 4381 1068 4437 dicitis.
1083 4403 1097 4432 ιι
1115 4379 1235 4452 Utique;
1252 4377 1436 4451 quieveram
1454 4379 1561 4436 dicitis.
1578 4403 1592 4431 «
1610 4380 1680 4437 Sum
1697 4385 1756 4439 eto·

933 4491 944 4520 ι
956 4471 1028 4527 nim.
1040 4493 1054 4520 ιι
1062 4469 1125 4525 Non
1137 4467 1308 4543 arrogantie
1319 4472 1399 4542 typo,
1412 4469 1462 4526 sed
1474 4469 1602 4526 veritatis
1615 4469 1756 4543 obsequio

77 4551 171 4630 lavaret,
185 4561 328 4618 Dominus
345 4577 438 4628 servo,
449 4559 525 4617 Deus
539 4559 793 4625 homini.Quando
807 4575 875 4634 ergo
890 4583 914 4650 n
929 4559 1012 4617 dixit.

77 4645 146 4713 pedes
157 4648 366 4724 discipulorum
388 4648 484 4706 latere
508 4649 604 4723 coepit,
620 4647 698 4705 venit
713 4649 749 4706 ad
764 4663 842 4721 aum,
859 4666 876 4704 a
968 4669 982 4701 ιι
997 4647 1027 4706 Si
1043 4663 1111 4720 ergo
1124 4662 1177 4721 ego
1192 4646 1247 4704 lavi
1264 4649 1375 4703 vestros
1391 4647 1480 4720 pedes
1495 4647 1637 4704 Dominus
1652 4651 1681 4703 et
1695 4647 1756 4702 Ma:

77 4746 121 4800 qua
133 4739 220 4810 cupit,
235 4739 265 4794 id
280 4741 337 4806 est,
347 4739 382 4794 ed
398 4738 526 4795 Petrum.
536 4739 570 4794 ut
584 4741 656 4794 tunc
671 4738 773 4796 Petrus
784 4739 874 4812 (quod
930 4761 945 4791 ιι
957 4738 1056 4812 gister,
1066 4741 1094 4792 st
1104 4752 1155 4792 vos
1170 4734 1283 4791 debetis
1298 4735 1372 4792 alter
1386 4735 1507 4793 alterius
1521 4734 1618 4792 lavare
1628 4735 1754 4810 pedes·

78 4819 145 4879 etiam
159 4825 277 4899 quilibet
291 4843 393 4884 eorum
409 4826 581 4901 expavisset)
592 4826 806 4900 expediatque
817 4828 873 4885 ait:
929 4828 959 4886 Si
974 4843 1027 4900 ego
1037 4827 1114 4882 Deus
1125 4830 1153 4881 et
1164 4824 1307 4881 Dominus
1318 4824 1417 4881 dimisi
1426 4825 1509 4882 vobis
1521 4829 1639 4898 peccata
1648 4828 1754 4892 vestra,

79 4909 213 4983 «nomine,
228 4921 259 4972 tu
284 4914 359 4972 mibi
382 4915 462 4972 lavas
485 4915 597 4990 pedes?
613 4939 624 4967 ι
649 4915 692 4972 'lu
717 4917 805 4986 Deua,
821 4933 875 4991 ego
929 4912 1756 4986 etvnsdebetisalteralterinspeccetedimitterelttboc

78 4992 155 5068 berno,
169 5006 198 5060 tu
212 5005 366 5074 Dominus,
382 5021 435 5078 ego
450 5021 551 5062 servus
562 5023 568 5073 ;
580 5009 612 5061 tu
627 5003 813 5078 Redemptor,
821 5021 874 5080 ego
929 5005 1066 5080 estquod
1082 5002 1238 5078 Apostolus
1253 5003 1314 5058 ait:
1331 5025 1346 5052 «
1362 5003 1508 5060 Donantes
1523 5003 1606 5060 vobis
1622 5001 1756 5074 metipsis

79 5095 195 5154 veser.
929 5097 954 5154 ai
969 5095 1036 5171 quis
1052 5095 1192 5150 adversus
1207 5089 1335 5164 aliquem
1348 5091 1437 5150 babet
1448 5091 1694 5166 querelem,siout
1704 5090 1758 5147 Do·

107 5197 118 5224 a
130 5177 279 5253 Respondit
291 5183 389 5254 lesus,
406 5187 434 5240 et
447 5183 521 5239 dixit
542 5182 592 5256 ei:
609 5183 691 5250 Quod
712 5199 765 5257 ego
789 5182 874 5251 iacio,
928 5186 1028 5244 minus
1042 5181 1162 5240 donavit
1174 5179 1267 5244 vobis,
1284 5179 1325 5236 ite
1339 5183 1368 5236 st
1381 5197 1432 5238 vos
1447 5181 1570 5238 invicem
1582 5181 1654 5254 (Cot.
1670 5181 1723 5254 ui).
1741 5202 1756 5231 ιι

81 5281 92 5309 ι
100 5265 128 5319 ta
140 5271 227 5327 nescis
240 5273 338 5341 modo,
350 5273 425 5330 scies
440 5275 539 5328 autem
555 5275 665 5346 postea.
676 5294 690 5322 ιι
702 5271 796 5344 Haijus
806 5273 874 5329 iacti
929 5276 1030 5347 ltaque
1045 5269 1129 5328 nobis
1140 5267 1245 5326 delicta
1255 5267 1409 5337 donemus,
1418 5273 1446 5325 et
1458 5285 1509 5343 pro
1521 5269 1632 5328 nostris
1641 5268 1757 5326 delictis

81 5356 225 5424 maurium
248 5362 373 5419 necdum
396 5359 549 5436 intelligis,
564 5361 615 5418 sed
643 5364 744 5434 postea
767 5360 874 5418 intelli·
929 5363 1053 5420 invicem
1063 5373 1181 5416 oremus
1193 5359 1280 5428 atque
1292 5355 1332 5412 ita
1344 5357 1758 5432 quodammodoinvicempe·

81 5452 128 5510 8⁰⁵·
929 5454 981 5510 des
996 5451 1111 5506 nostros
1126 5443 1268 5522 lavemus.
1285 5445 1364 5502 Licet
1379 5445 1434 5503 boc
1457 5447 1647 5521 corporaliter
1660 5445 1754 5503 cbari-

108 5531 276 5596 “Quiasite
292 5555 348 5598 non
363 5539 541 5608 lavere,nen
556 5538 679 5597 babebis
695 5541 806 5612 partem
818 5555 876 5598 me·
928 5537 1100 5599 tatisoiilcio
1111 5539 1140 5592 et
1151 5532 1327 5591 humilitatis
1339 5535 1471 5610 exemplo
1482 5535 1632 5608 aliquibus
1645 5534 1756 5590 utiliter
1852 5537 1856 5540 ’

81 5617 169 5682 icon.
185 5623 256 5687 Dixit
275 5629 376 5690 Petrus
392 5647 399 5688 ε
416 5629 479 5689 Νοο
504 5627 615 5688 lavabis
639 5627 712 5687 mibi
731 5628 820 5706 pedes
844 5629 875 5689 iu
929 5631 1023 5690 iacere
1038 5627 1161 5708 placeat,
1169 5626 1269 5682 tamen
1281 5623 1450 5705 spiritaliter
1464 5624 1495 5684 iu
1505 5625 1591 5686 corde
1605 5621 1752 5686 omuibus,
