3988 6180
99 337 152 401 ’165
710 330 886 395 llOlllblAE
906 329 958 394 ott
979 328 1153 394 SANG'l'lS.
1730 329 1789 394 too

97 473 240 532 thesauros
263 482 368 526 manus
383 481 544 541 pauperum
568 461 803 539 deportaverunt.
819 461 910 538 Graius
924 463 951 534 Α
965 459 1789 541 virumnoncegnescot»(troe.1.)tdestmecognoscs

96 555 910 629 antenaimitatoresinpassionesintmartyres,Dominus
964 567 1025 610 rem
1035 553 1292 627 disposuilpsain
1306 553 1475 612 hereditate
1485 553 1721 613 Dominimorata
1732 558 1787 626 est,

97 650 256 708 manifestat
270 661 336 705 cum
352 645 422 702 dicit
436 663 442 701 :
455 667 469 696 ιι
480 644 508 701 si
525 645 592 719 quis
607 645 680 700 mibi
695 645 855 713 ministrat,
862 661 910 701 me
965 658 1028 715 qun
1044 659 1101 698 non
1115 643 1261 716 peccando
1274 661 1291 700 a
1303 643 1439 714 passione
1451 643 1568 701 Domini
1583 642 1728 712 discessit,
1737 644 1787 700 sed

95 763 110 794 ιι
121 742 263 812 sequatur.
278 759 291 787 ι
301 735 389 808 Sequi
400 734 477 792 enim
489 732 646 790 Dominum
657 733 911 801 imitariest,sicut
964 731 1108 802 integram
1117 748 1201 788 suam
1213 732 1342 787 animam
1356 731 1627 805 aconoupiscentia,
1637 735 1790 788 etcarnem

97 829 152 902 ipse
165 827 232 883 alibi
246 825 334 880 dicit:
348 847 362 874 «
376 823 430 887 Oui
445 821 508 878 vult
521 823 620 878 venire
634 827 701 896 post
716 839 772 892 me,
787 822 911 897 abnegat
964 819 1178 893 aocrruptlone
1191 837 1321 887 servans,
1332 820 1425 893 portio
1438 819 1616 877 hereditatis
1627 819 1678 876 Dei
1690 819 1792 878 allecta

97 915 277 986 semetipsum
292 915 321 968 et
333 910 417 968 tollat
430 924 548 967 crucem
564 925 660 978 suam,
670 914 699 966 et
708 915 849 984 sequatur
863 927 910 966 me
964 911 1019 975 est,
1029 913 1151 965 cantans
1165 925 1232 966 cum
1245 909 1399 982 Propheta,
1411 914 1440 965 at
1453 907 1553 966 dicans
1566 927 1594 965 t«
1609 907 1723 966 liteoim
1736 908 1792 966 has-
1896 913 1901 924 ‘

97 1005 193 1076 (unuh.
205 1001 273 1073 xva).
288 1023 303 1051 ιι
317 1001 352 1057 lit
365 999 472 1055 iterum
485 1017 492 1056 :
507 1020 521 1051 ιι
533 999 587 1065 Qui
597 1015 655 1056 non
665 998 779 1072 bajulat
793 1015 909 1056 crucem
965 997 1074 1054 reditas
1088 1014 1154 1054 mea
1169 997 1307 1072 preclara
1330 1003 1375 1055 est
1397 997 1469 1054 mibi
1494 999 1578 1072 (Psol.
1595 999 1651 1070 xv).
1670 1020 1684 1048 ιι
1699 997 1791 1070 Cujus

97 1107 182 1159 auam,
196 1093 226 1146 ot
238 1088 318 1145 venit
341 1092 408 1160 post
432 1105 488 1156 me,
506 1105 564 1146 non
590 1093 635 1144 est
649 1105 696 1144 me
710 1087 818 1161 dignus
833 1089 908 1158 (bau.
965 1101 1094 1160 persona
1111 1087 1263 1143 convenire
1277 1087 1393 1144 videtur
1408 1087 1485 1161 quod
1501 1086 1659 1161 sequitur:

96 1175 372 1249 misinensem
385 1176 480 1232 modis
491 1175 591 1233 lldeles
604 1176 719 1233 Christo
729 1175 908 1234 ministrant.
1000 1199 1014 1228 ιι
1030 1176 1112 1233 Tunc
1127 1176 1263 1249 precepit
1277 1180 1306 1232 et
1319 1176 1393 1233 dixit
1420 1175 1493 1232 mihi
1508 1175 1627 1234 Creator
1645 1175 1789 1246 omnium,

96 1267 144 1326 alti
157 1267 228 1322 bena
241 1265 375 1332 dicando,
392 1269 426 1321 ut
439 1265 621 1323 confessores
634 1291 641 1335 3
653 1263 702 1321 alii
717 1282 768 1339 pro
783 1265 848 1338 ejus
862 1282 911 1323 no
966 1285 981 1317 ιι
992 1269 1020 1322 et
1032 1265 1082 1338 qui
1096 1265 1204 1321 creavit
1216 1281 1273 1336 me,
1287 1265 1429 1340 requievit
1443 1267 1473 1323 in
1486 1265 1673 1324 tabernaculo
1686 1282 1761 1322 meo.
1778 1289 1789 1316 ι

97 1356 165 1412 mine
174 1352 335 1422 moriendo,
347 1357 380 1409 nt
390 1359 533 1424 martyres
544 1371 552 1423 ;
563 1353 700 1426 aliijuate
711 1353 910 1429 eleemosynas
965 1355 1036 1421 Quis
1045 1357 1144 1411 autem
1154 1354 1273 1410 Creator
1284 1353 1417 1411 omniurn
1430 1354 1595 1412 credendus
1607 1355 1792 1423 sit,loannes

97 1443 249 1514 tribuendo,
259 1445 293 1497 ut
303 1440 488 1500 ildelsalaicl.
498 1442 554 1499 Sed
565 1443 615 1515 qui
625 1443 742 1500 Christo
750 1443 908 1512 ministrat,
964 1441 993 1499 in
1009 1442 1163 1516 livangelio
1175 1442 1313 1510 declarat,
1323 1441 1450 1516 quicum
1461 1443 1600 1501 dixisset:
1615 1467 1630 1495 ιι
1641 1445 1673 1501 ln
1687 1444 1792 1518 princi·

96 1531 231 1591 onustum
246 1530 335 1588 debet
348 1530 527 1603 seqniouia
537 1531 749 1590 sicutloannes
759 1531 910 1606 apostolus
965 1531 1013 1603 pio
1024 1535 1086 1588 erat
1094 1530 1270 1598 Verbum,et
1279 1530 1408 1587 Verbum
1419 1535 1481 1588 erat
1491 1533 1569 1605 apud
1579 1532 1683 1601 Deum
1693 1555 1707 1584 »
1715 1534 1793 1606 adj0-

96 1621 132 1678 ait
146 1640 151 1677 :
168 1619 250 1684 «Oui
262 1619 338 1676 dicit
351 1635 384 1676 se
398 1619 429 1675 in
450 1619 566 1677 Christo
590 1637 718 1690 manere,
734 1620 820 1678 debet
834 1621 912 1679 siout
965 1619 1019 1676 cit:
1030 1643 1043 1669 ιι
1054 1618 1673 1692 Omniaperipsumfactasunt,etsineipso
1683 1619 1792 1678 lactum

97 1710 138 1766 ille
147 1707 348 1775 ambularunt
357 1709 420 1782 ipsa
432 1707 583 1765 ambulare
594 1709 701 1781 (ilcan.
711 1710 752 1782 u).
767 1709 910 1776 »Qualem
965 1711 1010 1765 cst
1023 1707 1096 1764 nihil
1109 1709 1197 1782 (loun.
1211 1709 1243 1779 1).
1258 1729 1271 1759 a
1286 1709 1322 1764 llt
1334 1707 1442 1765 David:
1456 1732 1470 1760 ιι
1485 1708 1590 1765 Omnia
1602 1709 1633 1766 in
1647 1709 1794 1782 sapientia

96 1801 181 1854 antem
196 1797 464 1855 remunerationem
475 1813 527 1869 pro
539 1796 589 1854 tali
601 1797 763 1854 imitatione
777 1798 909 1874 recipiat,
925 1833 951 1900 B
966 1797 1058 1854 iecisti
1069 1799 1124 1870 (Pa.
1138 1800 1207 1867 cru).
1219 1819 1232 1847 r
1242 1797 1299 1853 lste
1309 1796 1400 1870 igitur
1410 1796 1529 1854 Creator
1538 1798 1671 1856 omnium
1684 1797 1714 1854 in
1728 1799 1793 1872 ejus

97 1887 149 1960 ipsa
163 1885 302 1952 desierat,
319 1899 386 1942 num
402 1885 557 1958 subJ'uugit
572 1903 579 1941 ε
966 1885 1156 1944 tabernaculo
1166 1885 1444 1958 requievit‚quando
1451 1884 1579 1943 Verbum
1590 1887 1640 1944 Dei
1653 1903 1705 1960 per
1714 1888 1792 1960 quod

126 1997 138 2026 ιι
152 1975 184 2029 llt
198 1973 248 2030 ubi
262 1989 320 2047 ego
333 1989 413 2039 som,
437 1972 479 2028 ibi
503 1976 533 2029 et
555 1971 690 2030 minister
714 1991 798 2031 meus
816 1977 879 2032 orit.
898 1999 909 2027 ι
966 1974 1068 2032 omnia
1082 1975 1251 2043 factasunt,
1264 1979 1297 2029 ut
1310 1973 1399 2031 homo
1413 1990 1500 2030 verus
1516 1975 1607 2043 daret,
1618 1975 1697 2031 intra
1709 1975 1795 2048 virgi·

97 2063 159 2130 Ouid
174 2061 303 2136 amplius
319 2066 415 2136 potest
429 2063 562 2135 promitti
578 2061 656 2118 lldeli
670 2063 912 2137 ministro‚quam
967 2062 1014 2120 nis
1030 2065 1146 2118 uterum
1163 2078 1280 2119 carnem
1296 2061 1435 2136 suscepit.
1449 2063 1630 2136 Quapropter
1644 2067 1740 2120 cesset
1752 2061 1794 2120 la·

97 2156 272 2208 ulmereatur
282 2167 350 2208 esse
360 2167 428 2208 oum
439 2151 635 2219 Dominosuc,
649 2152 806 2210 necsolum
816 2155 913 2212 videre
967 2156 1044 2209 trare
1052 2151 1278 2208 Manichmorum
1291 2151 1425 2210 heretico
1438 2151 1579 2226 grunnitu
1593 2153 1793 2226 presumptio,

96 2241 150 2312 ejus
163 2239 451 2308 humanitatem,sed
461 2239 551 2297 etiam
567 2240 758 2312 contemplari
769 2241 863 2316 ipsius
873 2243 914 2300 di·
968 2239 1018 2313 qui
1031 2241 1095 2297 ausi
1108 2243 1178 2296 sunt
1188 2238 1282 2298 dicere
1289 2240 1439 2298 Christum
1452 2257 1488 2298 ex
1500 2241 1612 2315 virgine
1624 2257 1723 2298 veram
1736 2257 1794 2299 non

96 2330 241 2387 ainitatem.
258 2329 349 2385 Unde
359 2332 389 2386 et
403 2329 543 2386 subditur
558 2347 565 2385 ε
968 2330 1168 2402 assumpsisse
1182 2345 1310 2386 carnem.
1327 2329 1410 2386 Dicat
1425 2333 1524 2388 autem
1539 2330 1604 2402 ipsa
1615 2330 1666 2386 Dei
1682 2330 1796 2405 sapien-

126 2441 137 2468 «
153 2419 262 2493 Siquis
285 2417 361 2474 mihi
386 2416 605 2487 ministraverit,
621 2417 827 2477 honorificabit
846 2435 914 2478 eum
967 2419 1010 2475 tia
1023 2418 1053 2475 in
1070 2435 1196 2492 persona
1210 2417 1340 2493 Virginis
1354 2437 1361 2475 :
1374 2442 1388 2470 «
1399 2417 1453 2485 Qui
1466 2419 1574 2476 creavit
1587 2435 1644 2488 me,
1654 2418 1797 2492 requievit

99 2531 108 2556 ι
122 2507 198 2564 Peter
211 2523 299 2564 mens
314 2505 364 2580 qui
376 2509 421 2562 cst
435 2507 466 2562 in
481 2503 572 2564 coelis.
586 2528 600 2556 r
614 2507 823 2566 honorificabit
833 2509 916 2566 Pater
968 2507 998 2564 in
1016 2507 1202 2564 tabernaculo
1228 2523 1302 2574 meo,
1318 2511 1347 2564 et
1368 2507 1440 2564 dixit
1455 2507 1539 2580 mibi,
1555 2507 1586 2564 in
1606 2509 1695 2566 Jacob
1711 2507 1795 2566 inha-

98 2597 249 2652 mioistrum
259 2594 550 2668 antiquorumque
561 2595 639 2651 lldeli
652 2597 814 2655 ministerio
824 2599 914 2657 vitam
969 2597 1030 2652 bita
1042 2600 1071 2652 et
1085 2596 1116 2651 in
1131 2594 1219 2652 lsrael
1235 2595 1417 2652 haereditare.
1436 2617 1450 2646 n
1464 2597 1554 2652 Jacob
1570 2597 1620 2669 qui
1634 2597 1795 2670 sapplanta-

98 2689 219 2741 aternam
234 2682 389 2751 retribuet,
406 2673 507 2740 dicens
524 2703 531 2741 :
547 2708 562 2735 «
578 2685 668 2759 muge,
694 2703 777 2744 serve
798 2689 872 2746 bone
886 2694 916 2746 et
969 2692 1011 2741 tor
1036 2685 1255 2758 interpretatur,
1272 2681 1390 2740 illorum
1417 2683 1564 2758 significat
1588 2684 1727 2754 actiones,
1744 2686 1795 2758 qui

99 2771 178 2829 idalia
192 2773 298 2842 (tlnttla.
310 2774 388 2841 xxv),
402 2793 417 2823 a
433 2772 596 2846 etreliqua.
610 2773 645 2830 lit
657 2779 729 2832 tunc
744 2775 916 2849 implebitur
970 2777 1003 2828 ut
1012 2773 1042 2830 in
1054 2772 1212 2829 virtutibus
1225 2770 1330 2828 anima
1342 2771 1481 2846 proficere
1491 2771 1616 2840 valeant,
1624 2771 1746 2828 viriliter
1757 2773 1797 2828 vi-

99 2860 342 2919 oratiosalvseoris
352 2879 359 2918 :
368 2883 384 2911 ιι
393 2861 537 2929 patendo
547 2861 726 2937 utsicutego
736 2869 764 2921 et
776 2869 808 2922 tu
821 2881 914 2922 unum
969 2861 1076 2918 tiomrn
1091 2859 1293 2916 blandimenta
1306 2859 1430 2916 calcant.
1440 2859 1471 2916 ln
1488 2859 1546 2916 illis
1561 2875 1629 2933 argo
1645 2859 1733 2917 habat
1745 2859 1795 2918 liei

100 2965 199 3020 sumus,
208 2951 249 3007 ita
262 2956 295 3008 et
308 2950 359 3007 isti
375 2949 405 3006 in
421 2947 506 3006 nobis
521 2953 867 3027 commuttionem)
881 2975 887 3012 :
900 2978 916 3007 »
970 2949 1115 3024 sapientia
1128 2947 1339 3010 habitaculum.
1350 2947 1399 3021 qui
1414 2948 1486 3004 vitia
1500 2947 1795 3021 supplantantes,hoo

101 3054 149 3094 non
162 3037 327 3111 equalitate
341 3043 464 3108 naturas,
480 3040 531 3096 sad
544 3039 780 3114 participatione
805 3043 914 3117 glorias.
953 3033 1080 3096 'habent
1092 3039 1121 3094 in
1134 3054 1231 3110 opero,
1243 3037 1321 3110 quod
1332 3035 1422 3093 Jacob
1435 3037 1534 3109 signat
1544 3037 1574 3092 in
1586 3037 1797 3096 nominssicut

100 3127 134 3182 ld
148 3143 231 3200 quam
245 3143 306 3185 nos
319 3128 466 3184 adducere
478 3129 626 3202 dignetur,
640 3129 690 3202 qui
707 3146 774 3186 cnm
790 3131 873 3190 Patre
887 3138 917 3192 et
971 3128 1033 3200 ipss
1048 3127 1118 3183 dicit
1134 3144 1141 3184 ι
1160 3149 1173 3178 ιι
1190 3128 1224 3182 lit
1238 3124 1408 3183 inhabitabo
1424 3124 1539 3193 inillis,
1555 3129 1584 3182 et
1606 3125 1796 3183 inambulabo

100 3213 194 3287 Spiritu
207 3220 312 3273 sancto
326 3214 395 3272 vivit
409 3220 439 3272 et
454 3221 557 3290 regnat
569 3217 598 3274 in
610 3217 716 3276 secula
726 3220 911 3291 soculorum,
930 3202 952 3269 G
968 3218 1007 3283 (ll
1020 3216 1081 3273 tior.
1094 3217 1145 3287 val.
1160 3239 1175 3268 ιι
1187 3213 1277 3272 Israel
1287 3231 1355 3272 vero
1367 3214 1446 3272 idem
1457 3213 1547 3272 Jacob
1562 3213 1727 3288 appellatus
1739 3219 1793 3284 ast,

101 3304 187 3360 lmen.
451 3319 455 3328 ’
968 3310 1125 3378 postquam
1141 3303 1277 3379 angelum
1293 3320 1446 3376 superans,
1459 3305 1549 3362 Deum
1565 3303 1662 3361 videre
1677 3304 1794 3360 meruit.

399 3417 526 3478 H0M1L1
528 3422 550 3476 Α
568 3420 604 3476 ν,
969 3395 1049 3452 llnde
1063 3393 1167 3451 merito
1181 3395 1227 3450 vir
1248 3394 1445 3451 sidonensem
1468 3394 1686 3466 interpretatur.
1703 3393 1796 3467 lgitur

156 3525 182 3566 ,N
201 3507 397 3568 mmm
416 3525 573 3568 ,gamm
591 3526 716 3567 „ms
736 3529 844 3570 mm
968 3482 1308 3556 postsupplantationem
1317 3481 1508 3550 vitiorum,ad
1517 3481 1794 3556 contemplationem

101 3612 174 3672 meo
187 3617 250 3674 labri
263 3617 461 3683 Ecclesiastici,
478 3597 602 3672 manibus
616 3617 692 3690 sestis
716 3617 812 3676 delus
827 3619 915 3678 hentae

303 3705 413 3777 l'irpine'
427 3703 524 3760 diaulia
537 3705 698 3762 communia.

968 3569 1795 3644 DeitendensanimabarreditasefliciturDeisapientin,

967 3661 997 3718 id
1012 3665 1057 3717 est
1071 3659 1284 3732 chrisimotata
1299 3657 1370 3715 illud
1388 3658 1519 3732 Apostoli
1534 3677 1541 3716 :
1555 3682 1569 3711 ιι
1584 3659 1721 3716 Heredes
1734 3657 1797 3732 qui-

967 3751 1034 3807 dem
1061 3749 1123 3819 Dei,
1138 3749 1304 3806 coheredes
1331 3752 1429 3804 autem
1454 3748 1562 3806 Christi
1588 3748 1676 3821 (Rom.
1691 3749 1763 3820 νιιι).
1781 3770 1796 3798 s

130 3833 227 3906 (llocnr.
247 3837 339 3908 xxiv.)
355 3859 370 3887 ιι
386 3837 430 3893 Ab
444 3837 529 3894 initio
545 3840 573 3894 et
595 3841 662 3895 ante
685 3838 793 3896 wcula
818 3845 914 3898 creata
966 3839 1091 3896 tueatur
1101 3837 1294 3895 nihilominus
1305 3836 1373 3892 etin
1388 3823 1488 3894 electis
1503 3836 1619 3894 mittere
1632 3837 1794 3906 radices,id

102 3943 113 3968 ι
123 3939 189 3992 som,
199 3930 226 3981 et
235 3941 332 3998 usqua
341 3925 519 3982 adiuturum
528 3925 668 3983 seculum
676 3945 734 3984 non
743 3930 887 3987 desinam.
898 3953 912 3982 ιι
967 3931 1012 3984 est
1026 3927 1236 4000 cogitationum
1249 3941 1370 3982 suarum
1383 3925 1497 3983 semina
1511 3924 1628 3982 illorum
1644 3925 1795 3984 mentibus

101 4008 250 4086 btrrliqua.
258 4014 407 4071 Lectionis
419 4014 511 4087 hujus
519 4015 693 4087 capitulum,
703 4018 784 4090 quod·
793 4035 828 4076 en
839 4019 913 4077 libro
967 4014 1083 4073 occulta
1092 4015 1284 4087 inspiratione
1295 4013 1462 4083 immittere,
1478 4029 1553 4085 quos
1568 4015 1648 4070 novit
1663 4015 1792 4072 fructum

102 4096 237 4170 Sapientia
245 4105 401 4174 sumptum
412 4103 609 4175 cognescitur,
619 4104 783 4176 specialiter
794 4104 912 4165 laudem
966 4103 1035 4162 boni
1051 4103 1147 4176 operis
1170 4101 1344 4176 germinare.
1360 4101 1423 4157 Non
1449 4117 1517 4175 ergo
1536 4101 1566 4156 in
1582 4101 1725 4174 reprobis,
1742 4104 1793 4160 sed

101 4189 384 4264 eternosapientin,
399 4207 452 4264 per
473 4206 560 4264 quem
586 4192 686 4249 omnia
709 4198 806 4251 ornata
831 4200 911 4270 sont,
966 4191 1111 4250 inolentis
1138 4189 1251 4247 radices
1277 4189 1379 4256 mittit,
1395 4188 1426 4244 in
1453 4205 1578 4262 quorum
1599 4187 1738 4246 cordibus
1753 4190 1794 4250 ita

102 4280 289 4336 commendare
302 4278 490 4336 aldetonbed
501 4279 562 4337 hacc
574 4279 717 4354 particula
730 4282 912 4342 acatholicis
966 4281 1114 4340 radicibus
1127 4278 1309 4354 spiritalibus
1324 4278 1402 4335 bona
1416 4276 1525 4352 ligator
1537 4276 1685 4346 voluntas,
1698 4282 1732 4334 ut
1745 4295 1794 4335 an-

102 4365 243 4424 etemditis
253 4365 390 4426 Patribus
400 4368 433 4424 in
441 4368 626 4426 solemnitate
638 4376 783 4444 perpetuas
790 4371 912 4447 virginis
964 4377 1084 4445 tequam
1099 4371 1136 4426 ad
1152 4367 1330 4425 maturitatis
1340 4367 1468 4424 lruotum
1481 4365 1637 4440 perveniat,
1647 4383 1707 4423 non
1717 4383 1794 4426 arca-

103 4447 237 4520 llaria,de
248 4473 311 4529 qne
324 4456 426 4516 eadem
442 4457 492 4514 Dei
508 4458 651 4532 sapientia
666 4476 784 4518 carnem
798 4479 912 4521 assum·
965 4461 1107 4518 suntsed
1118 4459 1169 4532 qui
1180 4457 1266 4515 modo
1280 4461 1384 4514 euntes
1394 4457 1534 4514 etllentes
1546 4455 1794 4514 mittuntsemina

103 4538 199 4608 psitad
211 4541 366 4619 legendum
379 4547 514 4604 ordinata
525 4551 579 4604 est.
588 4548 686 4606 Potest
698 4565 766 4622 pars
779 4551 911 4624 quedam
927 4569 951 4635 p
966 4567 1030 4618 soa,
1046 4549 1076 4605 in
1093 4549 1189 4606 lurore
1211 4546 1371 4612 venientes,
1387 4545 1503 4603 venient
1517 4561 1584 4602 oum
1599 4544 1793 4603 exsultatione

103 4623 168 4685 illius
179 4647 234 4688 non
246 4633 408 4708 incongrue
417 4636 513 4693 eidam
524 4636 576 4692 Dei
586 4637 720 4710 genitrici
731 4640 836 4712 aptari,
846 4657 910 4714 quas
966 4642 1115 4712 portantes
1129 4635 1298 4709 manipulos
1313 4636 1400 4708 (Paul.
1414 4635 1508 4707 mxv),
1520 4639 1587 4703 stc,
1601 4650 1618 4690 a
1632 4635 1681 4708 pio
1692 4634 1793 4707 judice

103 4713 131 4768 ab
142 4716 200 4789 ipsa
210 4720 260 4778 liei
272 4721 417 4795 sapientia
427 4723 495 4780 talis
507 4729 668 4798 crmtaeet,
677 4730 710 4783 ut
719 4727 862 4801 perillam
875 4731 911 4788 ad
967 4726 1119 4784 audientes
1133 4744 1140 4783 ε
1156 4749 1170 4776 ιι
1186 4722 1298 4792 Venite,
1308 4723 1454 4782 benedicti
1468 4723 1563 4780 Patris
1577 4723 1645 4793 mei,
1655 4722 1793 4796 percipito

104 4802 286 4866 redimendam
302 4810 462 4869 humanam
474 4817 611 4871 naturam
622 4815 672 4872 Dei
683 4815 775 4874 Filius
787 4817 912 4875 sinehn·
966 4833 1090 4892 regnum
1105 4815 1182 4888 quod
1198 4813 1280 4871 vobis
1294 4817 1439 4885 paratum,
1456 4817 1511 4871 etc.
1533 4811 1644 4870 bannui
1660 4812 1748 4880 enim,
1764 4815 1793 4869 et

104 4903 176 4950 mona
189 4899 427 4972 concupiscentia
443 4906 599 4960 crearetur.
615 4903 689 4968 Ouid
714 4905 792 4962 enim
808 4908 910 4965 abeur-
966 4904 1177 4964 dedistismihi
1193 4904 1371 4960 manducare
1383 4902 1490 4976 (itania
1503 4901 1581 4973 xxv),
1597 4921 1611 4952 a
1625 4903 1678 4958 etc.
1693 4901 1794 4974 Sequi·

104 4976 171 5050 dum,
186 4987 297 5056 quodve
311 4989 489 5047 contrarium
504 4993 561 5060 est,
576 4991 602 5049 si
617 4991 673 5048 boc
686 4994 764 5066 quod
780 4995 821 5051 ait
837 5015 844 5053 ε
966 5001 1015 5052 tur
1033 5014 1040 5052 ε

132 5089 144 5116 «ι
158 5069 187 5126 ln
201 5074 336 5133 omnibns
350 5079 483 5151 requiem
508 5080 628 5152 quaesivi
653 5085 683 5139 et
697 5081 727 5138 in
741 5081 911 5144 hereditate
1004 5107 1014 5134 ι
1032 5085 1066 5140 tot
1079 5084 1122 5139 sic
1132 5082 1161 5138 in
1174 5083 1242 5138 Sion
1255 5081 1372 5138 llrmata
1386 5097 1463 5150 sum,
1478 5083 1507 5136 et
1519 5079 1549 5136 in
1563 5079 1677 5136 civitate
1688 5077 1793 5135 saucti-

104 5174 114 5247 j*
121 5153 224 5216 Domini
231 5165 374 5234 morabor,
383 5187 398 5216 a
405 5167 454 5223 Dei
460 5167 593 5240 genitrici
600 5171 911 5232 conveniredicamuai
964 5197 979 5224 ιι
994 5173 1080 5230 licata
1094 5170 1230 5230 similiter
1245 5169 1382 5242 requievi,
1399 5173 1428 5225 et
1441 5169 1471 5226 iu
1485 5167 1649 5226 Jerusalem
1662 5171 1792 5241 potestas

103 5253 159 5310 19⁸⁸
171 5249 311 5322 quippeio
322 5254 459 5312 omnihus
471 5257 602 5329 requiem
615 5259 826 5334 quaesivitque
836 5263 908 5320 utin
966 5285 980 5314 ιι
996 5277 1070 5318 mea.
1088 5284 1102 5312 ιι
1117 5261 1185 5317 Sion
1202 5261 1233 5316 in
1247 5261 1313 5332 ipsa
1327 5257 1490 5315 Jerusalem
1507 5259 1601 5332 posita
1614 5263 1733 5325 estnon
1749 5275 1793 5316 so·

104 5332 190 5430 ‘tutte
213 5339 389 5412 sempiterna
411 5347 524 5415 patrem
545 5345 674 5402 invenire
689 5353 797 5420 posset,
815 5351 911 5422 prima
964 5351 1025 5408 lum
1036 5351 1072 5408 ad
1084 5349 1283 5407 defensionem
1295 5347 1445 5415 munitior,
1455 5347 1506 5404 sed
1517 5348 1606 5403 etiam
1618 5347 1653 5403 ad
1665 5352 1792 5405 contem-

104 5427 220 5516 tmolum
234 5425 911 5500 virginitatcmauamsinemaculaservarede·
964 5440 1106 5514 piundum
1132 5438 1298 5504 sublimior,
1323 5438 1401 5494 unde
1425 5453 1553 5511 congruo
1579 5438 1721 5510 speculum
1746 5435 1791 5492 vel

103 5509 178 5606 aovrt,
191 5510 266 5569 sicut
292 5517 392 5592 angelo
418 5521 543 5577 Gabrieli
557 5521 673 5579 Domini
689 5525 910 5598 conceptionem
963 5529 1113 5604 speculatio
1124 5527 1341 5600 interpretatur.
1351 5526 1442 5598 Cujus
1452 5526 1581 5584 nominis
1590 5524 1791 5600 interpretatio

104 5599 235 5656 cannanei
247 5605 412 5676 rospondit:
425 5631 438 5660 ιι
450 5608 600 5674 Quomodo
612 5612 661 5668 liet
671 5611 910 5687 istud,quoniam
965 5619 1100 5692 congruit
1108 5615 1251 5683 Ecclesia,
1259 5630 1325 5688 quae
1338 5632 1374 5674 ne
1382 5615 1574 5674 invisibilium
1583 5615 1713 5674 hostium
1722 5612 1791 5673 iosi-
