4034 6180
128 339 187 400 aas
401 378 408 391 .
593 343 645 404 na
667 327 894 406 memisse
917 343 1134 410 praeeunte.
1157 383 1196 394 -
1218 351 1291 414 nra.
1313 353 1388 415 mc
1773 363 1833 428 ess

127 480 198 541 stro,
214 475 280 529 tune
293 480 320 530 et
333 489 378 530 uos
393 474 557 547 apparebitis
584 491 646 532 cum
668 477 719 534 itta
744 478 775 534 in
790 476 880 547 pieria
895 479 954 546 (Ca
969 479 998 549 Α
1012 481 1397 554 auspicamur,deducuntur
1408 488 1661 570 adjudicium‚nisi
1670 492 1701 551 in
1711 494 1765 553 hac
1775 497 1835 558 vite
1895 461 1904 486 ο

128 561 191 618 loss.
208 561 262 634 111).
284 561 404 619 lluobus
429 565 526 619 autam
551 564 645 620 modis
661 565 752 638 accipi
768 569 863 637 potest
876 567 954 638 quod
1008 585 1060 642 per
1074 571 1286 644 penitentiam,
1303 579 1332 632 et
1346 581 1451 634 catera
1470 577 1548 636 bona
1561 597 1648 654 opere
1662 583 1770 642 luerint
1784 603 1833 645 ax·

125 649 207 709 vivos
222 654 251 708 et
264 655 398 708 mortuos
409 651 557 723 judicabit
573 669 579 710 :
598 653 658 710 siva
673 657 705 709 ut
718 653 798 710 vivos
813 652 955 728 intelliga—
1006 662 1140 732 purgata.
1156 661 1229 718 Nam
1244 666 1272 718 at
1287 663 1388 722 otiosis
1402 667 1499 723 verbis
1524 668 1559 724 do
1585 669 1694 742 quibus
1709 689 1762 731 nos
1777 661 1832 733 mi·

126 755 206 808 mus,
223 757 297 813 quos
313 739 362 797 hic
375 741 506 798 nondum
523 745 665 810 mortuos,
675 743 725 800 sad
741 741 837 798 adhuc
851 742 881 798 in
897 743 955 799 ista
1007 745 1086 803 nime
1101 763 1236 806 cavemus
1251 751 1393 810 Dominus
1407 753 1497 811 dicit:
1513 757 1550 813 lte
1565 761 1644 816 omni
1656 760 1736 820 emto
1750 766 1833 824 otioso

125 829 357 886 cornaviventes
373 830 545 887 inventurus
568 832 856 903 estajusedvautua,
873 849 954 888 mor-
1005 835 1076 906 qaod
1091 837 1174 894 beati
1195 840 1303 911 [omini
1325 841 1457 909 homiues,
1473 843 1632 904 reddentde
1653 854 1833 911 sermionem
1901 849 1903 860 ⁴

125 922 195 975 tuos
210 923 308 976 nutem
324 920 374 992 qui
390 920 425 976 da
441 935 560 994 corpora
575 920 748 994 priusquam
764 921 861 978 veniat
875 921 953 978 axia·
1006 925 1039 979 in
1052 922 1097 980 die
1105 925 1209 997 judt'eii
1223 927 1335 999 (Mettis.
1351 931 1412 1003 xu).
1432 931 1506 995 Quid
1531 950 1584 990 nos
1610 935 1711 995 miseri
1726 940 1833 1000 tacturi

124 1011 196 1064 ruut
217 1006 263 1063 vel
289 1007 393 1065 exituri
416 1013 495 1065 sunt.
510 1009 574 1066 Sive
597 1009 676 1067 vivos
696 1009 805 1082 justos,
822 1013 953 1068 mortuos
1007 1027 1111 1068 sumus
1125 1013 1154 1068 iu
1170 1013 1221 1071 illo
1235 1015 1292 1086 die,
1309 1017 1359 1089 qui
1375 1019 1513 1078 omnibus
1532 1021 1618 1080 melia
1633 1022 1756 1085 involuti
1780 1047 1831 1088 au·

123 1094 263 1168 injustos,
288 1095 428 1169 quoniam
445 1097 521 1170 justi
540 1098 764 1171 iudicabuntur.
787 1097 952 1172 Aliquando
1006 1101 1095 1158 mus?
1109 1102 1167 1160 Neo
1190 1103 1393 1177 desperamus,
1408 1109 1459 1165 sad
1484 1125 1607 1183 agamus
1628 1114 1831 1186 penitentiam

124 1184 205 1240 enim
216 1185 364 1257 judicium
377 1185 427 1242 Dei
442 1187 562 1259 ponitur
576 1187 605 1243 in
617 1185 704 1257 malo,
714 1187 792 1246 unde
804 1185 877 1244 illud
887 1190 949 1244 ast:
1006 1193 1038 1246 ut
1053 1194 1153 1248 nostro
1166 1190 1319 1250 doleantur
1332 1200 1460 1268 peccate.

123 1275 181 1344 Qui
203 1281 295 1331 ouoem
316 1275 390 1332 mole
412 1279 535 1348 eperum,
551 1277 582 1332 io
606 1278 832 1334 resurrectionen
849 1277 953 1349 judieii
1317 1299 1432 1359 CAPUT
1449 1303 1520 1360 ΧἯΙ

124 1362 217 1434 lim·
232 1362 271 1463 v).
287 1362 451 1437 A¹il⁰²¹²d⁰
466 1369 563 1466 ⁸¹¹th
587 1369 669 1466 till
685 1365 772 1434 ¹³⁰¹¹⁰2
789 1365 952 1422 ⁵⁰⁰¹¹¹¹d¹¹¹¹¹
1005 1395 1047 1449 na
1060 1397 1168 1520 grasso
1189 1395 1282 1453 aterno
1292 1397 1410 1470 jurato.
1426 1401 1459 1458 er
1472 1402 1543 1474 qnos
1556 1405 1588 1461 aa
1607 1405 1705 1464 atrsmo
1723 1409 1831 1480 jorae

121 1451 203 1523 ,quos
218 1451 330 1508 dotum
346 1456 392 1510 est
403 1470 409 1508 =
422 1453 950 1525 commemineraosarsummasaa,
1041 1463 1069 1548 o,
1080 1467 1166 1523 rarus
1179 1469 1255 1524 mssa
1268 1472 1411 1542 apparete
1423 1473 1524 1542 errare,
1541 1483 1566 1532 er
1587 1478 1722 1536 resarta
1737 1495 1831 1554 repro-

122 1547 149 1596 et
160 1541 191 1596 ia
205 1542 305 1597 virtute
320 1550 369 1597 tea
382 1542 478 1615 judico
499 1559 543 1600 me
564 1544 650 1612 (Psoi.
667 1542 795 1615 m11).Per
805 1541 951 1615 judicium
1040 1534 1091 1592 bts·

122 1627 233 1702 quippe
247 1629 297 1686 Dei
314 1629 421 1704 fitipsa
431 1631 574 1688 bonorum
586 1630 790 1704 malorumque
803 1630 950 1699 discretio,
1040 1623 1196 1681 Geminum
1212 1629 1256 1682 est
1279 1627 1412 1685 divinum
1423 1630 1581 1702 judicium.
1596 1635 1693 1694 Unum
1702 1641 1787 1712 quod
1802 1645 1832 1700 at

123 1721 156 1772 ut
170 1716 314 1774 liberendi
329 1735 347 1774 e
362 1718 449 1788 mele.
466 1737 524 1778 nen
539 1719 677 1794 perdendi
694 1736 761 1776 eum
777 1719 950 1788 melis'buni
1005 1710 1052 1767 hle
1062 1712 1236 1783 judicentur
1250 1715 1384 1775 homines
1398 1722 1428 1775 el
1438 1719 1467 1776 in
1483 1721 1591 1781 fllium.
1602 1724 1830 1801 Astbfflffiffllffld

122 1806 159 1862 ed
176 1806 308 1864 dextram
324 1813 524 1882 segregentur.
534 1809 653 1882 Propter
665 1809 743 1881 quod
758 1807 806 1866 ille
822 1808 948 1865 elamat:
1004 1803 1156 1872 ΡῐὈΡῖθΡθΕ
1168 1801 1475 1878 hi⁰l¹¹di⁰⁸ssll¹i21¹⁰⁰
1489 1808 1830 1884 ifli⁰jud100nlurridw

120 1895 219 1952 pudica
234 1912 286 1963 me,
303 1901 395 1966 Deus3
411 1901 440 1954 et
461 1897 531 1972 quid
555 1898 659 1956 dixerit
673 1897 763 1954 veluti
777 1913 947 1972 exponens:
1003 1905 1060 1962 qua
1076 1890 1253 1962 quibusdam
1265 1894 1301 1950 ad
1316 1897 1520 1969 purgationem
1532 1902 1704 1974 temporalia
1714 1905 1831 1978 proiicit

121 1985 155 2042 Er
167 1985 297 2055 dim,
314 1986 420 2060 inquit,
435 2003 547 2044 causam
561 1987 690 2044 meamea
701 1995 842 2060 penem
854 1993 950 2044 ,ancta
1002 1994 1099 2050 poene.
1115 1980 1297 2046 Quibusdam
1318 1999 1386 2041 vero
1410 1983 1456 2041 hie
1481 1986 1600 2046 inchoat
1623 1990 1784 2062 damnatio,
1801 1997 1831 2051 et

122 2074 210 2148 (Psoi.
229 2074 308 2148 aur).
1001 2063 1062 2122 illio
1076 2067 1203 2139 perlecta
1218 2074 1353 2143 sperator
1371 2072 1506 2144 perditio.
1523 2076 1555 2132 In
1575 2077 1689 2148 judicio
1713 2081 1830 2155 reprobi

432 2164 547 2222 CAPUT
565 2164 637 2221 xlv,
1002 2151 1831 2234 humanitatemcbriatiinquajudicoturusaatvidebuut

121 2253 203 2327 Quod
214 2253 308 2311 eulpa,
321 2255 508 2310 marim,
516 2269 567 2326 pro
579 2255 656 2311 eme
671 2255 796 2338 operies„
806 2253 949 2311 ,pendere
1002 2245 1035 2298 ut
1048 2242 1175 2314 doleant,
1193 2244 1375 2304 divinitatem
1390 2265 1459 2307 varo
1476 2252 1540 2325 ojus
1553 2269 1612 2312 uon
1627 2255 1777 2328 videbunt,
1792 2275 1830 2317 na

328 2327 480 2399 poterimus
496 2327 526 2382 iu
542 2325 614 2383 diem
624 2325 737 2398 judieii·
1002 2331 1159 2404 gaudeant.
1175 2334 1288 2402 Quibus
1302 2336 1381 2394 anim
1397 2338 1536 2399 diviuitas
1549 2343 1830 2421 ostenditur,utiqua

156 2431 217 2506 Age
228 2431 291 2505 jam
307 2431 342 2488 ed
362 2431 500 2489 ultimum
519 2432 665 2504 judieium
680 2432 847 2490 venerimus
862 2430 899 2487 ab
914 2447 947 2489 eo
1001 2419 1038 2476 dd
1049 2419 1493 2493 gaudiumdemonslratur.Pro
1503 2430 1671 2492 dilssrfllidttl
1681 2436 1831 2496 00n80i0ss·

116 2521 217 2593 judiee
224 2519 441 2594 judieendi'qui
454 2537 507 2579 nee
518 2520 580 2578 felli
589 2521 780 2579 occultatione
790 2519 946 2576 criminum
1001 2508 1110 2566 diarum
1121 2514 1150 2568 fit
1160 2511 1240 2569 mstis
1251 2516 1402 2587 apparebit
1412 2517 1562 2591 injudicio
1571 2521 1708 2582 Christus
1719 2524 1828 2584 θῘθθιῙΕι

120 2613 227 2682 potest,
245 2626 297 2666 neo
312 2610 348 2666 ad
360 2610 564 2683 impunitatem
576 2609 800 2683 promerendam
815 2608 947 2665 muueris
1000 2601 1030 2654 fit
1048 2597 1188 2656 tetribilit
1217 2603 1357 2673 reprobis·
1380 2605 1454 2661 Nem
1477 2607 1595 2679 qualem
1619 2611 1828 2683 quiaquaoon-

120 2697 247 2770 alicujus
262 2696 407 2755 oblatione
417 2699 575 2773 corrumpi,
585 2697 946 2771 cumeoeperiutomnium
1000 2686 1154 2744 scientim
1169 2687 1280 2762 tulerit,
1296 2689 1387 2747 telem
1402 2695 1431 2748 el
1441 2693 1573 2764 jttdicem
1586 2695 1756 2768 hababit,ut
1768 2716 1828 2759 ma·

119 2790 233 2843 secrato
247 2785 378 2856 revelari,
393 2791 422 2843 et
436 2803 494 2844 non
509 2787 605 2844 solum
630 2792 713 2844 actus
737 2789 765 2842 et
785 2785 874 2842 verba
895 2785 946 2842 sed
1001 2778 1087 2832 nante
1102 2775 1131 2832 [¹¹
1147 2792 1201 2833 ⁸¹¹⁸
1215 2776 1428 2851 tranquillitate
1442 2779 1566 2852 Chlissws
1581 2782 1640 2842 illis
1657 2784 1728 2845 solis
1742 2787 1827 2844 lerti-
1888 2777 1890 2782 ⁵

118 2874 210 2931 eriam
224 2875 296 2948 ipse
310 2874 500 2949 mgentem„
515 2875 639 2945 ostendi,
652 2875 722 2947 quid
740 2873 880 2930 faciemus
890 2873 945 2930 sub
1000 2864 1068 2920 bilis
1082 2869 1231 2938 appareat,
1246 2882 1321 2940 quos
1347 2869 1534 2928 couscientia·
1548 2873 1578 2930 iu
1594 2873 1680 2933 malis
1696 2881 1824 2936 accusat.

118 2962 311 3034 tantijodiois
320 2963 573 3038 majestate?quid
582 2960 778 3020 excusationis
789 2961 946 3019 obtendero
1299 2974 1418 3032 CAPUT
1436 2975 1521 3035 xvll,

117 3051 305 3124 poterimus?
320 3069 377 3125 que
393 3068 446 3110 uos
462 3051 641 3110 detensionis
656 3056 717 3108 arte
732 3049 946 3125 purgabimus?
1000 3060 1077 3130 Quod
1092 3061 1239 3134 injudicio
1252 3064 1347 3135 sumre
1369 3063 1423 3122 dac
1441 3074 1523 3123 erant
1546 3068 1654 3128 ordines
1666 3072 1823 3146 stoctonam,

118 3155 186 3213 quae
202 3140 285 3198 nobis
307 3142 487 3198 subventura
501 3146 547 3198 est
557 3140 728 3215 poenitentia
742 3155 832 3213 quam
845 3139 875 3195 iu
890 3139 945 3196 hac
1265 3141 1292 3190 et
1303 3135 1357 3192 dac
1371 3137 1557 3208 reprobomm.

116 3214 978 3304 carneeoutempsimus?quenoadaieusuresuntoporoC
1033 3229 1095 3284 lluo
1114 3233 1184 3286 suut
1204 3229 1321 3290 ordines
1342 3231 1500 3292 aleatorum
1525 3235 1687 3309 injudicio
1711 3239 1822 3300 usuro.

117 3319 205 3388 bona,
222 3336 286 3393 quas
301 3319 330 3376 in
347 3319 402 3377 heo
416 3320 476 3377 vite
493 3337 550 3377 uon
567 3318 712 3376 lecimus?
729 3318 773 3374 Ad
786 3334 861 3391 quos
876 3333 944 3389 apo·
1000 3314 1081 3372 Unus
1101 3318 1299 3389 judicantium
1323 3337 1392 3378 oum
1415 3322 1549 3393 Domino,
1569 3327 1620 3398 qui
1642 3326 1826 3401 reliquerunt

117 3407 219 3476 stolus,
231 3413 281 3466 aut
292 3409 327 3466 ad
340 3426 414 3483 quos
424 3408 498 3466 alies
509 3412 627 3466 sanctos
637 3405 815 3480 confugituri
828 3423 943 3475 sumus,
999 3405 1109 3472 omniu,
1120 3411 1149 3462 at
1164 3408 1256 3463 secuti
1271 3413 1341 3465 suut
1353 3410 1447 3481 illum,
1463 3413 1621 3487 dequibus
1636 3415 1761 3475 dicitur:
1777 3419 1826 3477 Vos

116 3513 244 3570 quorum
259 3497 393 3571 exempla
406 3498 496 3556 simul
522 3515 556 3555 ae
580 3496 668 3554 verbe
683 3494 894 3570 despeximus?
908 3511 944 3551 au
1001 3495 1050 3566 qai
1063 3494 1215 3567 reliquistis
1228 3498 1332 3566 omnm,
1347 3503 1471 3558 etseouti
1484 3504 1550 3560 estis
1568 3521 1620 3572 aaa,
1636 3506 1667 3561 ia
1680 3521 1827 3578 repenard-

115 3586 191 3643 iorte
205 3586 318 3660 aliquid
333 3587 373 3644 ibi
395 3586 537 3660 fragilitas
552 3585 683 3660 eorporis
702 3583 875 3642 excusabit?
890 3583 945 3640 Sed
1001 3584 1082 3653 done,
1096 3600 1158 3639 cam
1177 3585 1278 3674 sedere
1295 3587 1382 3644 Filius
1405 3588 1526 3646 bominis
1545 3593 1574 3648 iu
1598 3592 1659 3650 sede
1675 3595 1828 3668 mejestatis

114 3675 303 3733 excusatione
319 3693 421 3732 aarum
446 3675 646 3732 reclamabunt
667 3675 800 3731 omnium
815 3672 947 3746 exempla
1001 3687 1071 3742 sttae,
1086 3672 1210 3732 sedebitis
1223 3683 1249 3731 et
1267 3693 1323 3743 vos,
1338 3693 1419 3750 saper
1431 3679 1507 3736 sedes
1521 3680 1662 3739 duedecim
1672 3683 1829 3756 judicantes

115 3769 299 3832 sauctorum,
309 3764 360 3838 qui
371 3764 558 3839 fragilitatem
567 3764 664 3821 cornis
674 3765 703 3819 in
712 3763 947 3832 curuavivantes,
1001 3760 1143 3820 duodecim
1157 3763 1247 3821 tritos
1262 3765 1347 3822 lsrael
1362 3765 1466 3839 (detti.
1482 3773 1551 3840 xix).
1566 3769 1651 3830 Alius
1663 3772 1733 3830 ordo
1744 3773 1830 3846 judi-

116 3854 196 3928 quod
213 3853 344 3910 iecerunt
368 3854 469 3927 utique
484 3854 580 3912 iacere
597 3869 683 3928 posse
698 3853 869 3920 docuerunt,
887 3868 948 3936 ma3
1003 3853 1125 3908 caturue
1138 3852 1300 3924 ellomiuo,
1317 3856 1368 3926 qni
1383 3873 1442 3914 uon
1458 3859 1577 3931 quidem
1592 3861 1692 3919 omnia
1707 3878 1761 3920 aaa
1776 3879 1829 3937 pa·

114 3943 195 3999 xime
210 3943 282 4016 quia
296 3959 350 3999 uec
365 3942 422 4016 ipsi
437 3947 557 4016 peceato
571 3959 626 4000 sua
639 3942 757 4010 virtute,
771 3941 821 3998 aad
831 3939 949 3996 Domiu¹
1004 3938 1075 3995 riter
1089 3939 1279 4013 reliquerunt,
1297 3945 1347 4000 sed
1362 3945 1397 4000 de
1412 3945 1459 4004 his
1480 3950 1579 4006 umen
1602 3965 1665 4022 qua
1680 3950 1830 4011 habebant

114 4030 285 4088 miserantis
300 4031 410 4090 auxilio
426 4032 598 4091 restiterunt
614 4049 621 4088 ε
640 4031 692 4106 qui
707 4046 738 4088 se
752 4034 781 4087 ct
795 4046 854 4087 non
869 4043 948 4102 qua·
1003 4027 1191 4099 quotidianas
1206 4030 1275 4088 dare
1291 4030 1491 4109 eleemosynas
1505 4038 1694 4110 pauperibus,
1718 4039 1827 4098 Christi

112 4121 259 4194 rentibus,
269 4124 302 4179 ut
314 4124 462 4195 queratur
473 4125 560 4195 etque
576 4122 605 4178 iu
620 4137 688 4178 eum
704 4119 840 4176 credatur
853 4120 949 4174 osma.
1002 4115 1154 4186 curabant,
1170 4119 1249 4175 uude
1264 4119 1391 4178 audituri
1406 4127 1477 4180 suut
1491 4123 1657 4196 injudicio.
1670 4126 1770 4196 Venite,
1783 4128 1827 4184 be-

111 4210 166 4278 dit,
184 4213 214 4267 et
233 4211 384 4268 credentes
410 4211 442 4267 in
468 4228 499 4268 se
514 4227 550 4268 ne
567 4213 717 4284 apaocoto
733 4209 887 4266 vincantur
901 4205 947 4262 in·
1000 4204 1104 4262 oedieti
1117 4209 1210 4266 Patres
1224 4209 1288 4278 mei,
1302 4209 1436 4282 possidete
1449 4216 1580 4285 parntem
1593 4214 1667 4271 votes
1678 4229 1826 4286 repaumo

110 4299 189 4356 vieta
216 4300 395 4373 protentione
418 4299 556 4358 defendit.
583 4299 658 4367 Ouid
683 4313 752 4370 ergo
776 4308 947 4370 responsori
999 4296 1192 4354 emistitoticrre
1216 4298 1322 4354 maedi.
1337 4299 1449 4357 morsos
1470 4303 1545 4358 enim
1566 4310 1593 4358 et
1615 4301 1727 4360 dedistis
1754 4303 1826 4360 miti

107 4393 196 4459 sunt,
212 4388 238 4444 si
253 4388 296 4446 eis
311 4389 455 4446 Dominus
470 4389 548 4446 dicat
560 4405 567 4445 :
580 4389 610 4446 si
626 4386 776 4461 potuistis,
786 4401 877 4459 quare
887 4400 945 4440 non
999 4383 1176 4455 manducare,
1192 4388 1278 4457 sitiri,
1291 4396 1317 4444 et
1329 4390 1444 4460 potastis
1457 4405 1511 4445 ma.
1526 4389 1620 4448 Nudus
1633 4407 1711 4449 mom
1726 4400 1752 4450 et
1765 4408 1824 4450 ves-

106 4474 261 4534 restitistis
275 4476 432 4535 desideriis
453 4476 666 4551 peccatorum?
680 4476 705 4533 si
722 4492 780 4532 nou
797 4473 943 4547 potuistis.
999 4473 1070 4529 tistis
1084 4490 1138 4544 me,
1156 4477 1210 4532 ate.
1233 4474 1336 4546 (liuttb.
1352 4477 1430 4550 xxv.)
1456 4477 1513 4534 Sed
1535 4482 1564 4536 at
1586 4479 1778 4552 reproborum
1793 4479 1823 4538 in

106 4581 308 4640 quaremeum
317 4571 418 4624 contre
426 4571 611 4640 pcccatanou
621 4563 766 4639 quesistis
775 4560 940 4620 auxilium?
953 4580 978 4646 e
994 4559 1108 4632 judicio
1123 4563 1180 4620 duo
1196 4563 1312 4622 ordines
1326 4565 1441 4624 futuros
1455 4565 1579 4624 Domino
1593 4572 1731 4626 narrante
1745 4586 1824 4627 com-

106 4661 160 4711 aut
175 4653 423 4729 vulnerati,quare
434 4657 600 4730 poenitendo
614 4672 671 4712 nou
682 4651 860 4711 adhibuistis
874 4650 939 4708 vul·
993 4649 1143 4723 parimus:
1158 4667 1250 4708 unum
1265 4669 1366 4710 corum
1381 4654 1432 4727 qui
1452 4654 1520 4712 tldci
1535 4653 1708 4714 Christianae
1718 4660 1825 4730 mysta-

105 4743 172 4802 neri
186 4746 284 4801 vestro
299 4745 486 4803 remedium?
501 4745 638 4818 Nunquid
660 4744 697 4800 ad
712 4743 773 4799 hac
788 4742 940 4799 obmutes-
995 4736 1046 4794 riis
1060 4737 1498 4813 initiati,opernfideiexeroere
1511 4744 1824 4818 contemnunt,quibus
1899 4811 1903 4824 1

108 4832 235 4890 cemus?
245 4833 319 4900 Quid
342 4838 440 4891 autam
467 4833 664 4891 excusationis
684 4835 773 4890 restet
784 4834 796 4888 t
809 4829 872 4886 Non
888 4828 940 4884 ho·
997 4826 1154 4885 dicendum
1167 4832 1212 4885 est
1224 4827 1374 4902 injudicio
1385 4835 1511 4890 testatur
1522 4849 1528 4888 :
1540 4832 1823 4902 oboediteamemo·

110 4921 252 4978 bentibus
276 4921 370 4981 dicit:
387 4923 487 4998 ligata
510 4939 560 4982 eos
576 4921 714 4979 manibus
734 4923 762 4977 et
777 4919 900 4994 podibus
915 4920 943 4973 at
997 4915 1253 4988 edissererem
1276 4927 1411 4977 aeoemum
1425 4923 1476 4994 qai
1491 4929 1605 4995 paratus
1621 4922 1783 4980 estdiebolo
1797 4927 1824 4980 at

112 5009 221 5068 mittite
237 5027 287 5068 ecs
300 5009 331 5068 iu
347 5013 483 5070 tenebras
504 5011 671 5080 exteriores,
689 5009 729 5065 ibi
745 5009 800 5066 erit
815 5007 900 5064 fletus
914 5008 943 5062 et
996 5005 1102 5074 onpelis
1116 5007 1184 5078 ejus.
1200 5009 1313 5065 Esarivi
1335 5011 1410 5066 enim
1424 5017 1450 5067 et
1463 5025 1519 5067 noe
1533 5009 1646 5067 dedistis
1657 5010 1730 5067 mibi
1742 5026 1824 5068 man·

111 5099 224 5156 stridor
237 5100 380 5170 dentium,
395 5101 437 5157 ibi
451 5103 560 5159 vermis
574 5115 675 5158 eorum
691 5115 749 5156 nou
765 5096 944 5155 morieturet
996 5091 1107 5163 docere,
1123 5098 1177 5150 stc.
1194 5095 1288 5167 (ibid.)
1301 5097 1432 5154 Alterum
1447 5114 1548 5156 eorum
1564 5099 1615 5171 qui
1629 5098 1698 5156 ttdci
1712 5103 1822 5174 mysta-

111 5187 192 5262 ignis
209 5205 310 5246 eorum
326 5206 384 5246 uon
399 5191 612 5266 exstinguetur.
883 5248 887 5257 Ι
997 5179 1040 5237 ria
1050 5181 1220 5240 Christiane
1235 5183 1279 5241 vel
1294 5201 1447 5258 nunquam
1458 5186 1675 5260 suscepera,rel
1685 5191 1824 5262 suscepta

430 5297 547 5355 CAPUT
565 5295 624 5354 xv.
996 5285 1048 5343 per
1063 5271 1242 5343 apostasiam
1258 5274 1393 5345 rejecere,
1415 5273 1573 5347 dequibus
1592 5276 1664 5333 dicit
1678 5294 1685 5334 ι
1701 5278 1757 5349 Qui
1770 5293 1824 5335 aa·

110 5385 193 5458 (laod
206 5388 290 5442 etiam
314 5389 435 5444 minimo
446 5396 556 5461 peccota
572 5386 744 5444 mdueonter
759 5379 943 5454 adjudicium
995 5365 1050 5416 Μ’*
1062 5377 1118 5416 ''⁰''
1131 5361 1437 5436 iiidiiistmt'fflifflm
1450 5365 1822 5439 ⁶³3(5⁰“'¹·111)s‘ll²i⁸¹¹⁰¹²

144 5459 284 5530 satarum,
300 5461 523 5532 steterentin
544 5459 595 5516 bae
617 5459 675 5515 vito
692 5473 743 5530 per
754 5453 943 5529 penitentium
996 5449 1088 5506 eradit
1102 5449 1133 5505 in
1149 5451 1266 5508 nomine
1289 5451 1433 5527 unigeniti
1458 5451 1523 5510 l'ilii
1539 5454 1601 5512 Dei.
1616 5455 1670 5522 Qui
1685 5469 1753 5512 cum
1768 5470 1822 5513 uso

147 5529 251 5588 delata.
995 5537 1083 5596 verbo
1097 5541 1185 5596 mnus
1199 5540 1346 5599 Christum
1368 5541 1462 5602 colera
1485 5541 1649 5614 voluerunt,
1665 5559 1718 5600 neo
1733 5542 1822 5600 verba

151 5635 241 5698 Parva
256 5637 364 5699 etenim
377 5643 507 5716 peccota,
518 5643 547 5698 ot
560 5654 595 5700 aa
610 5637 645 5698 da
662 5634 770 5714 quibus
786 5630 875 5692 etism
890 5645 944 5691 neo
997 5627 1177 5708 saltemejus
1188 5629 1295 5712 quibus
1307 5631 1660 5716 maguanturinjunicio
1670 5631 1821 5694 merentur
