3950 6174
95 307 143 374 att
684 297 862 366 HOMlLlAE
884 298 935 364 ab
957 299 1157 366 intrans.
1715 303 1776 372 566

94 435 1083 512 runtpondeChristipreceptisinstraentessuosseete-ANominat
1111 438 1230 511 ostium,
1262 437 1395 498 nominet
1421 437 1505 510 ovile,
1528 441 1667 500 nominat
1694 459 1772 512 oves,

93 531 280 602 tarcs,sedsuis
289 529 428 603 exemplis
438 530 532 588 vivere
542 547 592 588 eos
603 531 889 606 suadentesDequi·
945 530 1207 600 cammendsthaec,
1222 531 1272 589 sed
1285 531 1772 608 nandumexponitbegumusergo

92 626 136 682 bus
153 623 202 680 ulio
221 620 352 693 locoipsa
366 618 479 678 Veritas
489 621 545 677 nit:
559 645 572 673 «
584 622 725 678 Decentes
741 623 889 680 doctrinas
943 619 1013 691 quia
1025 625 1167 677 venturus
1178 625 1222 678 est
1233 623 1269 678 ud
1284 638 1318 679 ea
1330 622 1428 690 rurba,
1440 622 1468 678 in
1482 623 1590 696 quibus
1601 639 1660 680 non
1674 621 1774 696 alique

90 713 263 776 homiuum,et
271 711 409 766 mandate
419 709 469 767 Dei
477 712 796 784 contemnentestllnrc.
809 713 888 786 vni»
943 725 1006 782 qne
1018 709 1090 766 dixit
1101 711 1239 784 dignetur
1249 727 1401 784 exponere,
1414 727 1447 767 ex
1456 727 1582 784 quorum
1593 709 1775 782 expositione

90 803 116 860 lli
130 818 175 874 per
188 800 268 858 eliam
284 802 395 872 partem
411 800 568 856 ascendere
583 805 727 872 querunt,
744 817 845 874 rapere
860 807 889 858 et
942 798 1024 854 dabit
1050 799 1134 856 nobis
1164 800 1286 856 fortasse
1315 800 1403 856 etiarn
1434 799 1493 867 illa,
1521 817 1585 874 qus
1614 815 1774 873 nonexpo·

89 891 266 956 occideremur
276 892 309 944 ut
320 893 421 962 postor
431 888 541 946 salvare
552 895 639 964 atque
650 907 830 948 conservare.
848 893 887 948 De
943 888 1012 954 suit,
1024 888 1195 962 intelligere.
1206 890 1302 947 Poscit
1316 890 1394 946 enim
1411 889 1584 956 manifestio,
1598 893 1711 946 exercet
1725 887 1775 944 ob-

88 981 178 1038 tulibus
188 979 231 1035 bic
241 979 413 1034 dictumest:
422 979 498 1036 «Sed
511 979 642 1036 ascendit
652 979 831 1048 aliunde,ille
842 981 889 1037 tar
942 979 1046 1036 scaris.
1055 980 1216 1036 Audiamus
1225 983 1428 1054 exponentem,
1436 996 1523 1052 quem
1531 979 1698 1037 audivimus
1709 996 1774 1053 pro·

88 1075 123 1128 eet
135 1071 160 1124 ct
172 1068 249 1124 latro.
267 1090 280 1118 »
294 1068 357 1124 Non
372 1067 468 1125 solnm
478 1085 545 1125 vero
555 1069 628 1126 toles
640 1070 830 1126 inveniuntur
840 1071 888 1127 do·
942 1073 1109 1144 ponentem.
1126 1069 1200 1126 Dicit
1217 1087 1285 1144 ergo
1300 1069 1342 1126 eis
1357 1070 1462 1127 iesus:

87 1164 163 1215 clares
176 1158 306 1214 intereos
321 1157 372 1230 qui
386 1159 450 1214 sine
465 1158 581 1215 nomine
594 1159 699 1215 Christi
715 1165 795 1230 sunt,
814 1160 889 1216 sicut
978 1181 992 1208 a
1009 1161 1112 1224 Amen,
1128 1177 1212 1214 nmen
1229 1159 1293 1216 dico
1308 1160 1400 1226 vobis,
1417 1159 1486 1232 quia
1500 1176 1553 1234 ego
1568 1176 1636 1215 sum
1662 1159 1771 1227 ostium

87 1247 154 1304 nolti
169 1246 414 1319 philosophorum,
431 1247 480 1320 qui
497 1265 581 1304 suam
598 1249 771 1322 sapientiam
788 1250 889 1307 buccis
943 1271 957 1298 α
974 1247 1081 1303 avium.
1094 1273 1106 1298 o
1118 1248 1292 1322 Dcccipsum
1303 1247 1424 1319 ostium,
1436 1249 1512 1321 quod
1525 1247 1657 1306 oleosum
1669 1265 1772 1322 posue-

85 1336 248 1409 crepentibus
261 1335 579 1404 ventilabunt,etvitam
591 1338 704 1394 beatum
717 1339 780 1394 suis
796 1343 887 1395 secta·
942 1341 997 1404 rat,
1014 1337 1137 1410 aperuit.
1155 1338 1218 1410 lpse
1233 1339 1406 1395 celestium.
1418 1337 1769 1412 ignovimusiotremus,

84 1424 397 1498 toribuspromiserunt:
412 1428 607 1482 verumetiam
621 1427 797 1501 plarimiqui
809 1424 889 1484 Chri·
943 1431 976 1483 ut
990 1443 1043 1483 nos
1058 1427 1183 1483 intrasse
1198 1429 1388 1502 gaudeamus.

84 1514 161 1571 stiano
175 1513 289 1570 nomine
304 1515 508 1582 censebantur,
525 1519 553 1571 et
569 1515 751 1572 illuminatos
766 1535 782 1574 a
806 1517 887 1574 Chri·
979 1539 993 1567 α
1008 1517 1117 1572 Omnes
1131 1520 1275 1590 quotquot
1288 1521 1440 1588 venerunt,
1458 1517 1536 1574 iures
1552 1521 1622 1574 suut
1636 1522 1665 1575 et
1679 1517 1768 1576 latro-

84 1607 119 1660 eta
130 1617 156 1658 se
168 1619 227 1659 esee
237 1603 402 1674 jactabant,
424 1603 567 1677 lingentes
595 1605 649 1661 sibi
671 1623 744 1662 nove
766 1623 888 1680 queque
942 1629 956 1657 α
971 1623 1058 1662 nes.»
1086 1605 1159 1672 Quid
1175 1610 1220 1662 ast
1234 1606 1299 1675 hoc,
1317 1607 1447 1672 Domine,
1470 1630 1484 1658 «
1501 1623 1603 1664 omnes
1624 1610 1769 1682 quotquot

84 1692 182 1748 nomine
193 1691 394 1761 deChristo‚et
406 1691 473 1749 fidei
494 1693 641 1750 catholico
652 1696 888 1764 contraria,sicut
941 1697 1106 1752 venerunt?
1123 1719 1136 1746 a
1153 1695 1226 1762 Quid
1243 1695 1342 1752 enimi
1357 1700 1387 1751 tu
1405 1713 1463 1752 non
1478 1695 1667 1753 venistiiSed
1683 1697 1768 1754 intel-

82 1780 289 1838 innamerebitee
300 1781 426 1838 heretici
434 1781 806 1851 faciebant,aestirnuntesse
815 1786 887 1844 salso
902 1815 925 1880 B
941 1786 1008 1859 lige,
1025 1802 1127 1842 omnes
1143 1789 1287 1859 quotquot
1310 1789 1461 1853 uenerunt,
1479 1783 1561 1854 dixit,
1577 1784 1678 1858 utique
1693 1803 1767 1858 prs-

82 1870 179 1927 numine
197 1872 388 1944 perjanuem,
401 1888 464 1945 quar
480 1871 613 1930 Christus
630 1877 683 1938 est,
699 1874 816 1932 intrare.
835 1876 885 1932 Se·
940 1880 986 1932 tor
1000 1893 1055 1932 me.
1073 1876 1247 1934 Recolarnus
1262 1893 1339 1949 ergo.
1351 1877 1424 1932 Ante
1439 1876 1595 1933 adventurn
1612 1875 1705 1949 ipsius
1719 1893 1768 1934 ve·
1798 1903 1800 1910 >

81 1958 167 2016 belliue
177 1959 252 2016 dicit:
265 1960 322 2027 Qui
334 1960 425 2016 Filius
440 1964 494 2026 cst,
506 1964 568 2034 ipse
584 1967 629 2019 ost
644 1963 745 2034 Pater;
763 1966 812 2022 sad
841 1966 886 2022 Fi·
940 1971 1048 2024 nerunt
1059 1966 1354 2040 propbetae,nunquid
1368 1967 1486 2022 fuerunt
1496 1965 1769 2022 luresetlstrones?

80 2048 125 2104 lius
143 2055 253 2106 nonest
275 2050 372 2109 Pater.
395 2049 458 2106 Nan
474 2051 563 2106 intret
578 2068 629 2124 per
645 2053 754 2109 ostium
774 2055 823 2127 qui
841 2055 884 2111 Fi·
940 2056 1098 2112 AbsitNon
1112 2060 1217 2130 preter
1232 2056 1315 2112 illum
1330 2059 1483 2121 venerunt,
1494 2053 1641 2128 quiscum
1655 2055 1704 2112 illo
1718 2071 1769 2110 ve·

79 2137 136 2194 liam
150 2139 214 2195 dicit
238 2140 367 2195 Patrem.
392 2139 480 2196 Arius
506 2139 595 2197 dicit:
614 2140 700 2198 Aliud
716 2147 762 2199 est
790 2144 884 2212 Peter,
940 2149 1056 2202 nerunt.
1081 2147 1229 2202 Venturos
1254 2160 1401 2217 precones
1423 2143 1567 2211 mittebat,
1593 2145 1643 2201 sed
1667 2157 1767 2200 eorum

79 2226 142 2283 eliud
152 2227 341 2284 Filiusltecte
352 2229 468 2301 diceret,
479 2229 503 2286 si
514 2229 782 2302 diceret,elius,non
793 2232 884 2290 uliud.
939 2235 1028 2291 corde
1043 2252 1117 2308 quos
1128 2233 1258 2300 miserat,
1274 2233 1528 2307 possidebatCum
1540 2232 1589 2290 illo
1602 2249 1670 2307 ergo
1679 2249 1768 2290 vene-

78 2319 178 2383 Quendo
193 2318 268 2374 enim
288 2317 361 2374 dicit
372 2317 489 2387 eliud,ei
501 2319 769 2396 contradicitaquo
786 2323 882 2379 audit:
939 2328 1018 2393 runt,
1031 2325 1178 2397 quiscum
1189 2323 1506 2380 VerboDeirenerunt.
1526 2346 1539 2374 u
1554 2325 1614 2397 Ego
1630 2339 1707 2390 sum,
1723 2322 1768 2378 in-

78 2405 369 2478 ctgoetPeterunum
381 2409 884 2486 sumustioan.xrx).»Necipscergo
939 2415 1012 2487 quit,
1029 2414 1084 2483 via,
1110 2413 1216 2470 veritas
1232 2417 1260 2469 et
1283 2413 1342 2469 vite
1366 2413 1539 2486 (tenaxne).
1557 2435 1572 2463 o
1598 2411 1628 2468 Si
1646 2412 1709 2485 ipse
1724 2414 1769 2469 est

77 2495 149 2550 intrat
162 2513 211 2569 per
221 2495 348 2553 ostium.
363 2497 582 2572 Praedicetergo
595 2499 754 2568 Christum,
767 2499 883 2572 qualem
933 2497 1054 2570 ¹veritae,
1067 2521 1133 2559 oum
1146 2503 1195 2558 illo
1211 2505 1362 2568 venerunt,
1378 2501 1447 2575 quia
1461 2519 1576 2559 veraces
1595 2503 1723 2569 luerunt,
1739 2505 1768 2558 et

77 2583 119 2638 sibi
132 2583 218 2658 tingit,
234 2601 298 2641 non
314 2585 428 2658 qualem
445 2586 551 2642 veritas
565 2587 662 2643 habet.
683 2588 825 2646 Phfl'nus
840 2590 884 2645 di·
938 2594 1089 2650 veritatem
1115 2593 1352 2664 predicaverunt.
1369 2594 1517 2664 Quotquot
1541 2595 1639 2648 sutem
1664 2593 1768 2664 preter

76 2671 120 2728 eit:
134 2671 259 2730 Christus
275 2674 370 2730 bomo
381 2679 426 2730 est
441 2679 566 2744 tentum,
580 2693 636 2731 nan
651 2677 737 2732 Deus.
754 2678 811 2733 Nec
823 2678 885 2750 ipse
938 2682 1022 2738 illum
1047 2685 1198 2746 venerunt,
1223 2704 1237 2730 α
1254 2680 1333 2736 tures
1348 2684 1461 2736 suntet
1480 2680 1618 2736 latrones.
1635 2701 1650 2730 u
1667 2679 1766 2736 Perse

76 2777 129 2834 erga
149 2763 233 2818 intrat
248 2779 307 2836 per
330 2762 450 2830 ostium,
467 2763 537 2836 quie
556 2763 688 2822 Christus
703 2769 731 2822 et
746 2765 834 2822 homo
857 2769 886 2821 et
938 2773 1089 2838 venerunt,
1107 2768 1176 2842 quie
1191 2785 1243 2841 per
1254 2785 1321 2824 eum
1335 2767 1419 2824 missi
1434 2785 1491 2824 nan
1509 2767 1636 2834 bierunt,
1651 2767 1766 2822 dicento

76 2847 136 2905 Deus
145 2855 194 2906 est.
205 2851 277 2908 linio
299 2851 378 2907 enim
389 2868 462 2908 nova
472 2851 602 2920 heresis,
614 2871 678 2926 ane
689 2854 796 2911 nostris
811 2859 884 2910 tem·
938 2857 1075 2932 Apostolo
1088 2875 1094 2914 :
1113 2858 1285 2924 «Quomodo
1296 2856 1496 2929 predicabant
1506 2856 1563 2913 nisi
1575 2853 1765 2911 mittantur‘la

76 2939 175 3008 poribus
201 2944 264 2998 orte
294 2945 342 2997 est
368 2940 531 2996 consentire
558 2941 681 3010 videtur,
711 2943 885 2998 affirmando
940 2949 1026 3022 (itam.
1043 2949 1081 3016 x).
1112 2948 1147 3002 lli
1161 2946 1230 3020 quia
1259 2962 1310 3019 per
1326 2963 1356 3001 ee
1384 2948 1582 3016 transeunter
1610 2961 1668 3000 non
1697 2947 1768 3000 sunt

78 3031 99 3082 et
111 3029 303 3100 predicando:
334 3029 477 3098 Christus,
501 3029 577 3086 sicut
605 3029 727 3104 quilibet
753 3047 883 3100 suorum,
940 3039 976 3094 sb
992 3053 1025 3092 oo
1042 3035 1136 3104 missi,
1158 3059 1172 3087 a
1184 3036 1262 3092 tures
1278 3038 1348 3091 sunt
1367 3039 1395 3092 et
1409 3035 1547 3092 latrones.
1565 3056 1579 3085 n
1603 3034 1676 3091 Nam
1701 3036 1769 3089 unte

79 3118 362 3189 nuncupativusDeus
373 3122 426 3186 est,
438 3123 535 3175 etnon
546 3136 641 3176 verus.
662 3120 736 3184 Quid
752 3137 826 3193 opus
842 3125 886 3176 est
941 3125 1097 3180 adventum
1113 3125 1219 3182 Christi
1235 3123 1301 3181 salsi
1326 3125 1444 3180 luerunt
1457 3123 1487 3178 in
1503 3123 1611 3196 populo
1628 3121 1679 3180 Dei
1701 3139 1768 3196 pro-

79 3204 153 3260 nultn
170 3222 351 3279 percurrere,
366 3210 394 3262 et
408 3207 501 3264 multu
515 3225 590 3264 vane
604 3209 724 3265 haeresis
749 3210 884 3266 dinume·
900 3186 922 3253 C
942 3215 1034 3286 phetae
1048 3218 1078 3270 et
1098 3213 1162 3271 taisi
1178 3215 1321 3280 doctores,
1335 3212 1411 3270 sicut
1427 3215 1493 3286 post
1514 3212 1671 3270 adventum
1688 3210 1768 3269 illius

79 3295 148 3349 reret
161 3296 215 3352 lloc
230 3300 330 3353 tenete
350 3294 423 3353 ovile
437 3297 556 3365 Christi,
580 3298 739 3355 Ecclesiam
764 3297 886 3355 catholi-
941 3304 996 3361 sub
1011 3303 1129 3359 nomine
1145 3303 1309 3359 Christiano
1325 3300 1534 3376 quamplurimi
1558 3300 1624 3357 salsi
1650 3301 1769 3356 luerunt

79 3397 128 3438 cen
142 3401 200 3440 csse
214 3386 337 3443 credite.
355 3385 528 3460 Quicunque
550 3387 658 3444 intrare
673 3387 741 3444 velit
756 3389 786 3444 in
801 3388 885 3456 ovile,
941 3394 1094 3458 dusmense
1110 3409 1162 3448 nec
1178 3392 1321 3458 doctores,
1333 3392 1383 3448 sed
1395 3391 1577 3459 seductorem
1592 3407 1651 3446 non
1666 3388 1769 3463 predi-

78 3487 118 3543 pcr
130 3475 230 3531 ostium
242 3476 345 3542 intret,
358 3475 386 3532 id
404 3480 449 3532 est
458 3493 510 3549 per
524 3476 682 3534 Christum:
695 3481 724 3535 et
737 3479 886 3535 Christum
942 3486 1064 3546 autores,
1076 3482 1124 3536 sed
1142 3481 1317 3554 predatores
1330 3498 1336 3546 ;
1351 3477 1503 3534 lotrocinin
1517 3479 1692 3545 exercentes,
1709 3493 1767 3533 non

78 3575 158 3618 renim
174 3564 274 3634 Deum,
292 3569 323 3622 et
338 3581 403 3622 vere
419 3565 525 3622 Filium
542 3566 591 3623 Dei
607 3567 752 3640 predicet.
769 3569 832 3625 Non
844 3586 887 3625 so·
942 3589 1018 3628 sance
1035 3570 1172 3626 doctrine
1188 3569 1374 3634 inherentes,
1392 3568 1427 3624 de
1445 3567 1552 3640 quibus
1568 3567 1679 3622 dictum
1703 3569 1768 3623 est:

78 3646 127 3706 lum
140 3653 282 3710 Christum
296 3671 400 3710 verum
416 3655 563 3727 predicet,
581 3657 631 3712 sed
644 3656 749 3713 Christi
764 3657 886 3730 glorium
942 3685 955 3713 a
974 3662 1064 3718 Fures
1088 3664 1200 3716 suntet
1215 3659 1354 3725 latrones,
1371 3681 1385 3708 u
1401 3657 1429 3712 id
1445 3661 1498 3726 est,
1515 3658 1551 3713 ed
1567 3657 1724 3713 iurandum
1740 3659 1770 3712 et

79 3745 180 3809 querat,
203 3761 259 3800 non
282 3760 381 3800 suem.
402 3745 475 3800 Nam
493 3744 576 3800 multi
593 3747 749 3819 quaerendo
764 3747 886 3820 gloriam
942 3751 1133 3807 occidendum
1159 3751 1311 3805 venerunt.
1339 3748 1422 3804 «Sed
1450 3763 1508 3803 non
1538 3745 1695 3802 audierunt
1720 3761 1770 3800 eos

78 3843 228 3898 monteses
239 3832 351 3889 Christi
367 3838 541 3906 sparserunt
553 3834 650 3906 potius
666 3853 755 3908 quum
771 3853 888 3909 congre·
944 3862 957 3888 «
974 3855 1051 3906 oves,
1070 3861 1084 3888 a
1101 3837 1156 3892 ille
1173 3855 1236 3910 qure
1261 3853 1334 3891 verro
1357 3840 1426 3892 sunt
1440 3851 1517 3901 oves,
1534 3851 1592 3890 non
1616 3833 1671 3890 sub
1695 3830 1771 3908 pelle

79 3924 206 3986 gaserant.
220 3920 350 3978 llumilis
360 3922 490 3978 estenim
497 3923 590 3994 janue
603 3919 736 3980 Christus
746 3924 888 3981 Dominus
942 3928 1026 3984 ovinn
1038 3927 1172 3999 lupinum
1183 3944 1233 3983 cor
1248 3925 1471 3982 abscondentes.
1484 3922 1634 3997 lgitnrqui
1646 3925 1713 3978 ante
1724 3921 1771 3977 ed·

79 4009 167 4062 noster.
179 4009 229 4076 Qui
240 4010 391 4082 intrutper
401 4009 476 4066 hano
483 4011 618 4082 januam,
632 4016 744 4086 oportet
756 4014 889 4069 uthumi·
942 4021 1061 4072 ventum
1078 4015 1184 4071 Christi
1196 4012 1540 4087 praedicaverunteodenr
1552 4012 1656 4083 spiritu
1670 4010 1772 4084 praedi·

79 4089 117 4148 liet
129 4111 166 4164 se,
191 4100 219 4154 ut
236 4116 310 4156 sano
331 4100 425 4172 capite
441 4100 534 4172 possit
549 4101 668 4156 intrure.
685 4101 718 4156 lli
741 4106 810 4158 sunt
838 4103 888 4174 qui
942 4107 1151 4176 creveruntque
1173 4101 1297 4174 spostoli
1315 4106 1342 4158 et
1355 4101 1448 4158 sancti
1472 4101 1615 4166 ductores,
1631 4099 1682 4172 qui
1706 4101 1773 4170 post

78 4183 124 4238 veri
138 4187 259 4256 postoris
273 4203 377 4244 vocem
387 4187 521 4243 audiunt.
539 4188 572 4244 lli
583 4193 662 4258 erint,
674 4205 748 4261 quos
757 4191 889 4262 proprias
943 4194 1100 4250 adventum
1111 4189 1215 4247 Christi
1224 4189 1354 4246 veritatis
1363 4189 1439 4244 viem
1450 4189 1559 4246 munda
1569 4187 1770 4243 ostenderunt.

79 4283 132 4326 oves
147 4275 318 4331 nominatim
336 4291 422 4332 verus
437 4279 537 4348 pastor
551 4281 643 4346 vocat,
661 4278 696 4334 de
711 4277 757 4334 bis
777 4279 888 4334 dietum
943 4273 1770 4353 Quotquotautcmillotcmporocredideruntvelhbrabe,

79 4361 128 4414 tsi:
143 4383 155 4410 a
170 4362 300 4420 Gaudete
310 4367 341 4420 et
351 4363 502 4432 exsultate,
514 4366 653 4438 quoniam
666 4366 785 4424 nomina
795 4371 890 4424 restra
943 4369 986 4428 vel
1000 4366 1140 4437 tenuaret
1152 4367 1251 4435 Jacob,
1261 4366 1304 4422 vel
1318 4365 1421 4440 Moysi,
1430 4364 1474 4421 vol
1485 4364 1551 4421 sliis
1563 4361 1773 4437 patriurchiset

80 4447 247 4520 uriptasunt
258 4454 288 4508 in
301 4451 385 4509 ecelis
396 4453 470 4526 (Luc.
480 4457 529 4523 ix),
547 4477 561 4505 a
574 4455 641 4511 hinc
657 4456 734 4512 enim
750 4473 799 4512 eas
811 4480 825 4508 u
840 4474 888 4512 vo·
944 4459 1094 4533 prophetis
1104 4457 1254 4514 Christum
1271 4453 1546 4529 prenuntiontibus,
1559 4469 1626 4510 oves
1636 4455 1728 4520 erent,
1745 4454 1774 4509 et

80 4539 115 4590 cet
128 4540 296 4598 nominatim
312 4543 402 4612 (leun.
418 4546 456 4613 x).
471 4565 485 4593 n
502 4544 535 4598 llt
548 4543 701 4616 quisalius
714 4545 890 4614 emittit,nisi
907 4565 929 4629 [J
946 4549 1093 4606 Christum
1110 4547 1348 4603 nadie1·ant:non
1361 4540 1773 4615 elicnemvocem,sedipeius

81 4624 119 4694 qui
128 4633 238 4698 peccata
249 4630 386 4698 dimittit,
401 4635 434 4688 nt
442 4647 508 4688 eum
521 4631 602 4704 sequi
614 4633 697 4688 duris
707 4634 820 4690 liberati
833 4635 891 4691 vin·
946 4638 1051 4695 Christi
1075 4637 1240 4693 audierunt.
1257 4635 1329 4690 Nam
1342 4634 1433 4706 judex
1448 4633 1555 4689 clamat
1567 4625 1603 4687 'in
1631 4645 1772 4705 precone,

80 4711 139 4771 culis
161 4720 297 4790 possint?
313 4721 349 4776 st
363 4721 428 4793 quis
444 4738 493 4777 eas
509 4721 666 4794 precessit,
681 4739 738 4796 quo
754 4741 820 4781 eum
846 4743 890 4781 so·
947 4729 1018 4783 dum
1033 4743 1125 4800 preco
1136 4725 1267 4798 Judiccm
1283 4723 1438 4780 annuntiet
1453 4726 1617 4778 venturum.
1634 4720 1689 4776 Alii
1705 4721 1775 4775 sunt

81 4809 260 4876 qllantunnisi
271 4808 324 4882 qui
336 4831 351 4861 «
362 4811 747 4884 resurgensnmortuis,jam
760 4831 817 4870 non
830 4832 891 4871 mo·
947 4833 1015 4890 ergo
1039 4833 1112 4888 quos
1130 4832 1188 4870 non
1204 4813 1359 4870 audierunt
1379 4829 1456 4878 oves,
1472 4811 1501 4866 in
1518 4809 1626 4883 quibus
1640 4826 1696 4865 non
1712 4810 1775 4864 erst

81 4888 192 4962 ritur,et
216 4915 298 4955 mors
326 4898 368 4954 illi
398 4899 475 4955 ultra
504 4917 561 4956 nan
589 4901 890 4975 dominabiturtltom.
946 4922 1001 4961 vox
1015 4903 1133 4972 Christi,
1151 4907 1291 4971 errantes,
1305 4899 1375 4957 lnlso
1388 4901 1527 4968 dieentes,
1540 4896 1776 4970 inaniagurrien-

79 4983 139 5046 ult.
152 4987 204 5042 llas
213 5005 282 5045 vero
299 4987 425 5044 educite
436 4989 491 5044 fide
504 4989 538 5044 ad
552 4989 691 5061 speeiem,
703 4995 731 5046 ct
743 4997 809 5049 unte
821 4994 892 5050 istos
947 4998 1002 5059 tes,
1013 5010 1088 5049 vona
1099 4992 1251 5066 fingentes,
1264 4991 1387 5046 miseros
1399 4990 1581 5054 seducentes,
1599 4987 1677 5043 sicut
1691 5001 1777 5060 pseu·

80 5069 153 5140 redit,
164 5076 320 5151 quiaprior
331 5078 463 5134 omnium
478 5079 610 5134 escendit
624 5077 767 5136 ineoelum
776 5098 781 5136 :
791 5086 819 5137 et
829 5099 893 5154 quie
948 5081 1146 5155 depropholu,
1159 5081 1235 5136 sicat
1244 5079 1351 5136 Scribe
1363 5082 1391 5132 et
1401 5077 1535 5134 Pharisrei
1547 5073 1777 5149 temporibusip-

80 5165 135 5215 sunt
148 5179 212 5222 axes
227 5183 300 5232 sure,
314 5165 397 5222 illum
414 5171 589 5240 sequuntur,
602 5167 671 5240 quin
686 5169 784 5224 sciunt
795 5188 894 5228 vacem
950 5170 1012 5227 sius
1025 5170 1150 5226 Domini.
1160 5170 1192 5225 lli
1202 5173 1271 5224 sunt
1282 5167 1480 5240 quivenerunt
1491 5183 1542 5239 per
1552 5181 1592 5234 se,
1604 5169 1633 5224 et
1642 5167 1778 5221 nonsunt

81 5244 200 5308 doctrine
214 5271 285 5310 sure.
298 5253 417 5312 Alienos
428 5273 494 5311 vero
505 5257 639 5314 doctores
649 5273 706 5313 nan
719 5264 894 5331 sequuntur,
949 5259 1078 5332 ujudiee
1094 5257 1188 5314 missi.
1206 5258 1256 5313 llis
1277 5273 1343 5312 vera
1359 5273 1425 5312 oum
1442 5255 1584 5312 doctrinis
1599 5253 1661 5311 suis
1677 5252 1778 5328 procul

81 5337 121 5391 sed
135 5341 246 5414 tugiunt
260 5344 298 5400 ab
315 5344 367 5413 eis,
384 5343 520 5418 quianon
534 5349 676 5402 noverunt
687 5364 797 5416 vocem,
811 5349 895 5405 idest
949 5348 1090 5422 expulsis,
1106 5347 1327 5419 videamusque
1343 5362 1395 5402 nos
1411 5350 1511 5419 pastor
1521 5345 1718 5402 bonusvocat.
1732 5342 1778 5399 ni-

81 5421 226 5487 dortrinam
241 5432 417 5489 alienorum.
433 5434 489 5489 Sed
504 5433 640 5506 loquente
667 5436 789 5492 Domino
813 5439 894 5504 lesu,
949 5437 989 5494 cit
1005 5437 1102 5492 enirn:

82 5528 128 5570 nan
139 5518 569 5595 intellexeruntquiaudierunt.
583 5525 803 5580 ‹clncrussatam
815 5527 893 5582 enim
986 5549 999 5576 «
1012 5527 1070 5596 llgo
1086 5541 1152 5580 sirm
1168 5524 1275 5580 ostium
1294 5523 1402 5580 ovinm.
1419 5525 1473 5581 Per
1488 5539 1535 5580 me
1549 5523 1572 5580 si
1584 5523 1651 5596 quis
1662 5519 1779 5577 introie-

82 5597 232 5666 hebuerunt
246 5627 307 5681 cor,
325 5616 352 5668 et
366 5611 491 5685 graviter
506 5613 663 5671 audierunt
677 5613 781 5687 (Mettis.
793 5615 866 5686 xm).
881 5639 894 5665 n
951 5639 965 5667 n
981 5616 1029 5685 rit,
1048 5613 1219 5684 salvabitur,
1246 5619 1274 5671 et
1302 5614 1483 5688 ingredietur
1507 5617 1536 5670 et
1560 5611 1733 5685 egredietur,
1751 5609 1778 5661 et
