3950 6174
96 313 141 377 til
692 313 871 382 HOMlLlAE
892 309 944 374 iili
965 313 1166 379 TEMPORE.
1719 327 1781 391 622

94 472 106 496 u
120 448 176 505 rus?
192 473 206 498 υ
222 451 368 515 Quantum
381 450 455 508 inter
465 452 605 510 festucam
623 453 902 519 attrabem‚tantuin
917 446 945 515 Α
960 443 1066 504 educas
1082 449 1227 507 festucam
1242 451 1277 508 de
1293 453 1375 509 oculo
1392 453 1490 510 lratris
1505 454 1558 511 tui.
1578 479 1590 508 u
1605 455 1704 532 Neque
1719 461 1780 518 lucc

93 537 156 592 inter
167 542 317 609 peccatum
334 542 430 613 majus
446 544 475 597 et
490 542 588 598 minue
601 541 701 598 distat.
713 540 794 605 Quod
806 543 901 594 utina-
955 537 1085 594 dicentes
1100 538 1779 620 aliquemafraternacorreptionuprnliihcmus,

91 626 213 684 nilestius
224 627 901 702 intelligatur,unumocunctisinmediumprc-
956 626 1081 682 maxime
1097 644 1164 684 cum
1181 628 1257 684 sicut
1271 631 1397 687 lacobus
1421 633 1573 706 apostolus
1588 636 1630 690 ait
1655 636 1721 708 (loc.
1736 638 1780 712 vl:

90 715 214 772 ieramus.
230 715 317 773 Verbi
332 716 443 791 gratia:
461 718 506 774 lra
525 717 687 786 subitanea,
715 718 825 773 festuca
841 719 899 784 est;
956 737 970 766 u
985 713 1039 778 Oui
1065 717 1192 773 converti
1215 718 1316 774 lecerit
1339 727 1521 792 peccatorem
1546 724 1582 779 ab
1610 741 1707 782 errore
1729 725 1782 783 vita

87 803 235 861 inveterata
258 809 367 873 autem,
391 808 490 865 trabas
514 808 649 864 eflicitur.
674 807 709 862 Et
724 807 768 862 ira
781 805 900 879 quidem
955 819 1025 869 sue,
1042 804 1166 861 salvabit
1178 805 1306 863 animam
1318 809 1381 880 ejus
1394 826 1411 865 a
1426 815 1530 883 morte,
1546 813 1692 887 etoperict
1704 814 1782 872 mul·

87 893 228 951 subitanee
241 894 361 952 oculum
377 897 485 952 mentis
501 898 664 970 perturbat,
680 895 756 952 sicut
765 911 816 967 per
833 893 902 950 Pro·
953 891 1110 950 titudinem
1136 898 1331 967 pcccatorum.
1348 919 1362 948 a
1384 898 1440 955 Sed
1465 901 1699 976 quotiescunque
1722 903 1781 962 lra-

86 981 192 1052 pbctam
215 982 340 1040 dieitur:
364 1005 378 1034 a
405 985 553 1042 Turbatus
579 990 624 1041 ast
648 1003 705 1058 prae
728 984 772 1040 ira
797 982 900 1041 oculus
954 983 1028 1036 trem
1044 989 1162 1054 peccare
1176 983 1779 1062 ridemus,nostrretragilitatismemores,

85 1087 162 1130 meus
173 1073 258 1140 (Psoi.
276 1072 327 1145 vi).
344 1095 359 1123 u
374 1073 482 1129 Odium
496 1079 596 1130 autem
612 1079 740 1130 mentem
764 1077 898 1139 excecat,
954 1067 1779 1148 benigneetlenitercorrigeredebemus,monentePaulo
1859 1090 1863 1099 '

84 1163 148 1216 teste
160 1161 273 1218 loanne
287 1161 429 1235 apostolo,
447 1162 497 1235 qui
514 1164 573 1219 ait:
591 1186 605 1214 «
619 1163 673 1230 Qui
695 1162 756 1219 odit
781 1162 899 1218 tratrem
954 1158 1098 1229 apostolo:
1116 1183 1130 1210 «
1146 1161 1271 1230 Fratres,
1287 1161 1312 1218 si
1327 1170 1546 1238 preoccupatus
1557 1167 1778 1228 luerlthomoia

84 1266 173 1318 suum,
190 1249 221 1306 in
237 1249 364 1308 tenebris
389 1255 445 1323 est,
470 1255 499 1308 et
513 1252 542 1308 in
566 1253 694 1308 tenebris
713 1250 855 1318 ambulat,
872 1254 900 1306 et
954 1244 1052 1318 aliquo
1067 1247 1180 1317 delicto,
1196 1267 1257 1320 vos,
1273 1251 1323 1324 qui
1340 1253 1486 1324 spiritales
1500 1256 1581 1323 estis,
1607 1255 1778 1329 hujusmodi

84 1339 167 1395 nescit
179 1355 238 1411 quo
253 1340 353 1409 vadat3
371 1341 511 1413 quoniam
537 1343 662 1398 tenebre
685 1342 900 1398 excaecaveruut
953 1335 1090 1393 instruite
1105 1337 1135 1393 in
1151 1339 1256 1412 spiritu
1280 1339 1419 1413 lenitatis,
1435 1344 1624 1401 considerans
1638 1345 1776 1419 teipsum,

82 1427 176 1484 oculos
189 1429 255 1502 ejus
268 1429 292 1502 (l
303 1430 383 1486 ioan.
399 1430 440 1502 ii).
460 1452 474 1480 u
489 1430 543 1495 Oui
558 1429 636 1486 enim
652 1431 752 1487 odium
768 1428 797 1484 in
814 1428 899 1485 corde
954 1440 990 1480 ne
1004 1429 1032 1480 et
1045 1430 1077 1481 tii
1094 1427 1214 1483 tenteris
1229 1427 1297 1488 (Gal.
1314 1429 1362 1502 vi).
1381 1453 1395 1481 »
1411 1431 1589 1489 Cumautem
1598 1433 1725 1508 aliquem
1735 1437 1779 1492 in-

81 1533 203 1584 servans,
212 1517 330 1574 fratrem
344 1517 733 1574 subitoiraseentemdurlus
746 1517 900 1591 reprehcu-
953 1513 1158 1586 corrigibilitor
1171 1515 1248 1573 vitiis
1263 1516 1403 1575 inhaerere
1410 1519 1618 1594 conspicimus,
1626 1523 1779 1582 zeloreoti·

80 1605 116 1661 dit
131 1603 325 1677 etdiJ'udicat,
351 1607 435 1678 quasi
452 1607 487 1662 de
508 1607 628 1664 alterius
653 1607 736 1664 oculo
756 1607 898 1663 festucam
953 1601 1064 1658 tudinis
1079 1605 1204 1672 accensi,
1218 1605 1634 1681 duriusincreparcdebemus,
1644 1613 1777 1688 exemplo

78 1693 177 1765 ejicere
192 1693 344 1761 nititur,in
360 1711 413 1750 suo
429 1696 542 1752 trabem
559 1713 616 1752 non
630 1697 740 1752 videns.
757 1695 812 1752 Sed
829 1695 900 1767 quia
953 1689 1032 1746 illius
1048 1691 1097 1764 qui
1113 1692 1168 1748 flii:
1185 1717 1198 1742 i‘
1215 1694 1281 1749 Vidi
1293 1697 1524 1768 pifflvarissflssissflr
1540 1704 1568 1756 θῑ
1590 1701 1777 1760 iflbesctbssm

77 1783 158 1855 cujus
172 1782 500 1856 vitadespioitur,illius
513 1784 897 1857 predicatiooontemnitur,
953 1779 1039 1850 (Paul.
1056 1781 1161 1854 cxviii).
1179 1804 1193 1832 n
1210 1783 1243 1838 iii
1259 1783 1380 1840 lterum:
1398 1808 1412 1836 a
1428 1786 1530 1843 Nonne
1546 1789 1597 1861 qui
1608 1790 1776 1860 oderuntte,

77 1877 150 1928 recte
165 1871 372 1945 subjungitur:
953 1867 1084 1936 Domine,
1101 1870 1239 1927 oderam?
1253 1872 1380 1929 Perlecto
1396 1875 1462 1932 odio
1477 1876 1597 1933 oderam
1612 1877 1678 1936 illos
1688 1881 1777 1948 (Prot.

109 1987 122 2012 a
140 1963 174 2018 Et
190 1965 336 2036 quomodo
351 1965 434 2037 potes
448 1966 542 2022 dicere
558 1961 897 2030 iratrituo:Frater,sine
951 1961 1096 2026 cxxxviii).
1114 1981 1127 2007 u
1142 1959 1224 2016 'l'unc
1239 1961 1317 2016 enim
1333 1962 1396 2019 sine
1412 1963 1499 2037 culpa
1519 1965 1606 2022 irasci
1629 1966 1776 2037 videmur,

76 2075 86 2099 a
102 2051 220 2122 ejiciam
236 2051 379 2108 sucturum
395 2053 431 2108 dr
446 2051 530 2109 oculo
546 2057 607 2121 tuo,
622 2051 685 2126 ipsu
700 2053 729 2106 irr
744 2051 827 2108 oculo
847 2055 897 2107 tuo
952 2047 1069 2118 quando
1084 2045 1171 2104 talem
1187 2050 1373 2121 asperitatem
1381 2052 1498 2123 nonira,
1510 2055 1561 2111 sed
1572 2054 1652 2112 zelus
1662 2057 1776 2126 format,

76 2139 217 2196 «trahem
233 2143 292 2196 non
306 2140 426 2198 videns?
443 2163 457 2190 u
472 2141 526 2205 Oui
541 2142 619 2197 euim
635 2139 755 2196 ulterius
774 2140 898 2196 minima
953 2134 980 2188 in
998 2134 1129 2207 exemplo
1144 2137 1245 2209 Moysi,
1263 2139 1312 2210 qui
1328 2139 1397 2195 exiit
1411 2158 1427 2197 a
1447 2141 1599 2200 Pharaone
1620 2138 1714 2202 iratus
1730 2147 1778 2202 ni·

76 2235 191 2302 peecata
205 2227 267 2285 vult
281 2230 435 2302 corrigere,
452 2247 570 2308 necesse
589 2234 634 2287 est
649 2233 682 2286 ut
698 2229 827 2303 primurn
844 2246 898 2286 suu
953 2222 1019 2291 mis,
1037 2223 1106 2295 quia
1120 2225 1184 2296 ejus
1200 2226 1360 2300 nequitiam
1376 2229 1604 2305 incorrigibilem
1616 2232 1697 2292 vidit.

77 2318 201 2390 corrigat
228 2322 258 2374 et
279 2317 425 2384 emendet,
450 2319 605 2391 nequando
629 2317 707 2374 dieat
725 2317 785 2374 illis
806 2322 896 2374 Deus:
1232 2315 1386 2373 iictiinin
1404 2319 1496 2377 CXVI.

77 2405 184 2469 «Quare
200 2409 231 2461 tu
247 2422 366 2462 enarras
378 2406 511 2479 justitias
523 2423 614 2474 meas,
626 2410 655 2462 ot
670 2407 798 2462 assumis
813 2410 899 2462 testa-
1082 2418 1220 2460 nomisios
1239 2421 1324 2461 esxrs
1344 2423 1413 2463 rosc
1432 2399 1647 2471 rsamcosmn..

77 2499 207 2550 mentum
221 2511 320 2551 meum
336 2511 426 2568 pcros
440 2495 760 2552 tuumt'l'uveroodisti
772 2493 899 2568 discipli·
988 2491 1011 2562 (Ι
1027 2491 1112 2547 Pera·
1129 2493 1777 2563 1110)«Charitsifflhomnesunssnimesinora-

76 2599 152 2650 nam,
166 2588 196 2639 et
208 2583 357 2657 projecisti
373 2601 523 2640 sermones
537 2601 617 2640 meos
634 2587 794 2640 retrorsum
809 2585 896 2640 (Psoi.
952 2601 966 2628 «
980 2579 1059 2635 lione
1074 2585 1176 2636 estote.
1191 2603 1205 2631 »
1222 2583 1255 2637 llt
1269 2582 1391 2655 reliquo.
1409 2585 1608 2647 Fraternitatis
1628 2594 1777 2651 unanimi-

76 2677 156 2739 xaix).
174 2695 189 2722 e
206 2673 259 2737 Qui
275 2671 355 2729 enirn
380 2672 501 2728 alterius
520 2672 609 2730 vitam
634 2673 779 2729 discutere
801 2673 896 2740 debet,
952 2665 1421 2742 tasveiutiurbsinexpugnabiiis,
1433 2673 1562 2732 hostium
1577 2681 1776 2751 neupatetin-

76 2778 179 2832 purum
196 2761 313 2818 oculum
330 2763 437 2819 mentis
453 2778 572 2819 neeesse
588 2767 632 2819 est
648 2766 679 2817 ut
692 2761 809 2828 habeat,
821 2761 898 2817 sicut
952 2755 1045 2811 cidiis.
1062 2755 1154 2812 Habet
1168 2758 1247 2812 enim
1263 2763 1374 2825 sancta,
1391 2765 1424 2816 ut
1435 2761 1775 2840 Salomonaittdontxi),

77 2849 231 2921 Apostolus
245 2851 281 2907 ad
296 2849 482 2907 Timotheum
498 2851 612 2907 scribit:
631 2874 645 2902 a
658 2850 778 2924 Oportet
786 2849 897 2922 episco-
952 2849 1114 2900 castrorum
1130 2846 1221 2902 aciem
1235 2847 1410 2918 Oldissfllflmr
1428 2865 1516 2922 qssflm
1539 2854 1655 2923 tiranni
1674 2859 1703 2911 ei
1714 2873 1778 2930 per·

77 2955 142 3010 pum
158 2938 446 3013 irreprehensibilem
461 2956 525 2996 esse
540 2945 680 3012 tanquam
693 2937 899 3011 Deidispenaa·
953 2938 1099 2993 secutores
1116 2950 1255 2990 unacum
1271 2940 1388 2993 auctore
1403 2954 1456 2994 suo
1472 2939 1588 2997 diabolo
1604 2959 1661 2999 non
1678 2944 1777 3004 valent

76 3033 163 3084 torem
179 3029 450 3101 (llimuiitadnde
460 3029 703 3086 Dominusadhuc
714 3027 897 3084 admonendo
952 3037 1119 3094 erumpere:
1145 3023 1215 3094 quia
1229 3023 1258 3080 in
1283 3025 1403 3082 uniente
1425 3027 1538 3085 Christo
1555 3047 1608 3088 nec
1632 3039 1775 3108 martyres

75 3118 237 3193 subjungit,
253 3117 370 3174 dicens:
953 3111 1126 3184 persecutio.
1144 3128 1196 3168 nco
1211 3112 1338 3186 virgines
1352 3116 1647 3187 carnalisdcleotatio,
1660 3124 1775 3181 necmi-

105 3229 119 3256 «ι
137 3206 304 3280 Hypocrita‚
320 3207 392 3280 chee
407 3207 536 3281 primum
559 3208 672 3265 trabem
687 3207 723 3263 de
746 3204 830 3262 oculo
844 3186 932 3262 tqu
951 3200 1111 3256 scricordes
1127 3200 1281 3272 cupiditas,
1298 3219 1351 3258 neo
1365 3203 1493 3262 humiles
1501 3209 1775 3285 temporalisgloriae

74 3317 86 3342 r
101 3299 130 3350 et
145 3301 217 3352 tunc
242 3296 401 3370 perspicies
416 3300 449 3352 ut
462 3297 568 3353 educas
593 3297 736 3352 festucam
760 3296 796 3351 de
814 3295 897 3350 oculo
952 3288 1077 3346 devincit
1091 3288 1224 3345 ambitio.
1241 3313 1255 3340 (ι
1272 3291 1516 3364 Competientcs.»
1531 3297 1693 3356 sicutenim
1705 3317 1775 3375 gau-

75 3384 199 3440 nlratris
212 3384 266 3440 tui.
282 3407 297 3436 r
315 3385 471 3458 Hypocrita
485 3383 592 3454 Gracc,
619 3385 720 3441 Latine
744 3382 898 3440 simulator
951 3379 1019 3434 dere
1034 3377 1175 3434 debemus
1190 3394 1257 3434 cum
1285 3382 1490 3454 gaudentibus,
1516 3384 1599 3443 itaet
1622 3387 1691 3445 llere
1705 3406 1774 3448 euni

74 3469 180 3528 dicitur
193 3472 239 3529 vel
253 3473 443 3540 subauratus,
459 3489 517 3546 quo
533 3473 651 3529 nomine
672 3471 715 3528 illi
731 3476 896 3540 censentur,
953 3466 1101 3534 flentibus,
1117 3466 1193 3522 siout
1207 3466 1316 3524 Paulus
1330 3469 1455 3528 iaciebat
1467 3472 1628 3545 apostolus,
1640 3477 1690 3550 qui
1702 3478 1780 3537 diee-

71 3559 117 3628 qui
135 3560 219 3617 aliud
235 3561 394 3617 ostendunt
408 3561 547 3628 exterius,
564 3565 592 3618 et
604 3559 683 3617 aliud
699 3560 898 3616 servantinte-
953 3555 1017 3610 bat:
1035 3577 1050 3605 o
1065 3553 1136 3619 Quis
1150 3555 1326 3626 infirmatur,
1340 3563 1492 3632 etegonon
1505 3563 1705 3622 inssrmortull
1712 3570 1779 3628 Cor.

70 3647 141 3704 rius.
159 3649 244 3706 'l'ales
259 3649 401 3706 Geminus
416 3649 445 3704 in
461 3649 615 3722 Evangelio
630 3650 770 3723 increpat,
783 3648 896 3706 dicens:
951 3644 1001 3718 xi.)
1021 3665 1034 3696 a
1049 3643 1249 3702 Fraterniiatis
1264 3651 1453 3704 amatores.»
1467 3649 1521 3714 Qui
1536 3667 1605 3726 ergo
1628 3661 1708 3712 amat
1726 3657 1780 3715 ho·

70 3758 82 3782 κ
97 3737 149 3792 Vre
165 3739 260 3805 vobis,
277 3739 384 3795 Scribe
396 3743 424 3796 et
433 3738 572 3794 Pharisaei
583 3739 749 3811 hypocrita,
759 3737 898 3810 quoniam
953 3731 1058 3799 mines,
1073 3736 1125 3787 aut
1139 3733 1209 3806 quia
1219 3733 1294 3804 ¹iusti
1312 3741 1390 3806 suut,
1405 3742 1456 3793 cut
1469 3744 1503 3794 ut
1513 3740 1587 3812 justi
1598 3741 1669 3814 sint,
1682 3762 1781 3804 amara

69 3824 185 3884 similes
200 3827 272 3884 estis
287 3827 430 3900 sepulcris
443 3826 599 3896 dealbatis,
615 3844 678 3900 que
695 3844 711 3882 a
726 3827 796 3882 loris
810 3842 898 3898 appa·
952 3821 1048 3887 debet,
1065 3821 1141 3876 sicul
1155 3827 1184 3876 et
1197 3823 1328 3894 seipsum
1338 3826 1597 3896 amaredcbet,aut
1607 3832 1781 3906 quiajustus

70 3919 134 3969 rent
150 3915 473 3990 hominibuespeciosa,
486 3916 566 3972 intus
581 3932 648 3972 vero
663 3912 899 3986 suntplenaossi-
953 3913 1006 3975 est,
1023 3913 1073 3965 aut
1089 3915 1121 3964 ut
1132 3910 1232 3980 justus
1246 3911 1294 3967 sit.
1311 3911 1502 3971 Dilectioaem
1517 3922 1615 3974 autem
1623 3919 1781 3984 fraternam

70 3999 124 4058 bus
143 4005 609 4079 mortuorumetomnispnrcitia.
626 4005 708 4060 Sicet
721 4003 897 4076 vosquidem
952 4002 1096 4071 quantum
1111 3999 1297 4055 commendat
1310 4000 1439 4059 Joannes
1463 4003 1625 4076 apostolus,
1646 4012 1782 4068 attenda-

68 4092 172 4150 aroris
187 4095 299 4168 paretis
312 4094 485 4152 hominibus
498 4095 581 4169 justi,
599 4095 680 4150 intus
695 4097 794 4149 autem
819 4091 896 4164 pleni
952 4102 1033 4142 mus:
1051 4108 1065 4136 a
1081 4085 1135 4151 Qui
1148 4085 1254 4159 diligit,
1264 4086 1391 4160 »inquit
1401 4111 1415 4138 «
1424 4090 1781 4170 lratrcmsuumquemvi·

66 4181 138 4236 estis
156 4182 304 4257 hypocrisi
318 4188 347 4239 ct
361 4183 516 4258 iniquitate
536 4183 643 4256 (Mottlr.
668 4183 758 4250 xxiii).
774 4181 896 4247 »Quam
952 4177 1010 4244 det,
1026 4175 1055 4230 in
1071 4174 1183 4230 lumine
1199 4179 1308 4248 manet,
1325 4181 1354 4232 et
1369 4179 1543 4237 scandalum
1561 4182 1591 4239 in
1607 4199 1640 4240 eo
1660 4203 1718 4242 non
1736 4189 1782 4244 est

66 4281 156 4335 grave
179 4289 308 4346 namque
333 4271 436 4329 vitium
452 4273 492 4330 sit
514 4271 689 4346 hypocrisis,
714 4271 819 4326 beatus
842 4269 896 4326 lob
950 4267 978 4335 (1
989 4269 1072 4322 douo.
1095 4263 1135 4336 ii).
1152 4285 1166 4315 u
1195 4264 1228 4319 lit
1251 4264 1339 4322 item:
1366 4289 1380 4317 ι(
1398 4266 1596 4338 Dilectissimi,
1621 4272 1780 4347 diligamus

65 4360 208 4430 ostendit,
223 4379 292 4418 eum
307 4361 363 4418 ait:
390 4363 486 4419 «eNon
509 4363 587 4419 enim
610 4360 706 4417 veniet
728 4359 758 4415 in
773 4373 896 4430 conspe·
951 4371 1005 4410 nos
1019 4353 1155 4420 invicem,
1168 4352 1237 4425 quia
1252 4353 1369 4412 dilectio
1384 4373 1418 4412 ex
1432 4357 1540 4415 Decllt
1554 4360 1651 4418 omnis
1666 4361 1717 4435 qui
1733 4362 1782 4420 di·

64 4448 109 4500 otu
136 4449 261 4506 Domini
287 4452 384 4508 omnis
409 4451 560 4525 hypocrita
582 4451 639 4508 Iob.
664 4451 737 4518 xiii).
755 4470 769 4498 u
784 4448 819 4504 iit
843 4446 896 4502 ite-
950 4442 1024 4516 liglt,
1041 4459 1076 4498 ex
1091 4446 1147 4498 Deo
1161 4445 1308 4511 natusest,
1323 4446 1691 4522 etoognovitDeum(lbid.,
1707 4452 1780 4515 ivl.»

63 4542 149 4591 rum:
168 4562 181 4587 a
194 4539 389 4614 congregatio
399 4538 615 4614 hypoorjirrum
625 4537 733 4595 sterilis
746 4537 806 4609 (uu,
818 4535 896 4607 xvj.»
906 4549 934 4616 D
950 4532 984 4586 lit
1000 4531 1140 4601 Dominus
1157 4531 1268 4604 inquit:
1286 4535 1483 4592 «Mandatum
1507 4553 1614 4594 novum
1633 4541 1670 4596 do
1686 4538 1779 4610 vobis,

62 4614 112 4676 ht:
144 4626 368 4686 «Simulatores
391 4633 421 4685 et
442 4627 539 4684 callidi
562 4630 720 4701 provocant
746 4627 818 4683 iram
844 4624 894 4681 Dei
949 4618 1372 4692 utdiligatisinvioem.'lltin
1398 4622 1560 4682 hocscient
1582 4642 1686 4685 omnes
1709 4627 1782 4701 quia

60 4704 126 4779 (ld,
144 4720 251 4786 xxxvi).
271 4740 282 4768 ι
304 4717 337 4772 Et
353 4717 508 4775 Salomon:
527 4739 540 4768 α
556 4715 716 4772 Simulator
730 4731 778 4771 ore
790 4713 899 4787 decipit
951 4709 1008 4765 mei
1023 4709 1094 4764 estis
1107 4707 1256 4781 discipuli,
1273 4710 1298 4766 si
1314 4727 1365 4767 vos
1379 4710 1504 4771 invicem
1520 4713 1679 4774 dilexeritis
1692 4717 1780 4790 (loon.

61 4800 195 4860 amicum
212 4821 301 4862 suum
318 4806 411 4878 (Pror.
422 4809 472 4876 xi).
491 4805 678 4862 rPossimum
687 4803 796 4877 quippe
804 4819 897 4876 genus
950 4800 1026 4867 xiii).
1048 4819 1062 4847 i>

60 4890 108 4940 err
123 4889 360 4965 hypocritarum,
372 4895 421 4968 qui
434 4895 464 4950 iu
479 4894 534 4950 lioc
550 4893 656 4951 saeculo
669 4909 787 4949 carnem
801 4906 896 4946 mace·
987 4907 1001 4935 α
1018 4883 1232 4942 Miserioordes.
1251 4907 1265 4936 u
1276 4888 1590 4963 Scriptumquippeest
1601 4891 1693 4962 (Prae.
1704 4893 1781 4968 xxrlz

62 4977 895 5056 rent,etinluturomerccdeprivantur:quiusieutllomi-
951 4995 964 5022 (ι
981 4973 1086 5029 Facete
1103 4974 1350 5044 misericordiam,
1369 4979 1464 5050 mitiis
1486 4978 1580 5051 placei
1603 4979 1673 5052 1³⁰0,
1692 4999 1782 5056 quam

60 5069 123 5120 1lus
139 5069 195 5126 ait:
216 5095 226 5120 ι
244 5071 428 5146 Recupururrt
443 5072 606 5128 mercedem
618 5068 810 5143 suurnfflarrlr,
826 5067 894 5140 νη.»
949 5061 1084 5118 victime.
1094 5063 1163 5119 viii:
1173 5084 1186 5112 o
1198 5061 1453 5135 Ouipronuseat,»
1464 5067 1783 5142 inquitScriptnra,«ad

58 5143 146 5209 Sunt
160 5157 239 5215 enim
257 5160 402 5232 nonnulli,
420 5161 548 5234 quicum
561 5158 857 5225 servisintvitiorum,
868 5159 900 5211 ut
953 5150 1197 5222 misericordiam,
1212 5151 1402 5210 benedicetur
1417 5155 1508 5223 (Pron.
1524 5173 1560 5212 xx
1572 5162 1603 5230 1).
1614 5159 1783 5217 »athomi-

65 5247 235 5315 epparearrt
249 5247 422 5307 homiuibus
434 5249 519 5322 justi,
536 5247 631 5304 aliena
653 5251 772 5320 peccata
795 5244 900 5301 acriter
953 5255 1009 5295 nus
1024 5241 1078 5296 ait:
1097 5262 1111 5292 u
1129 5239 1226 5295 Estote
1244 5239 1460 5311 misericordes,
1487 5243 1564 5302 sicut
1585 5250 1613 5304 et
1627 5247 1712 5305 Pater
1734 5265 1783 5308 vs·

63 5333 234 5408 eori-ignat,
250 5338 287 5394 de
302 5338 440 5410 qualibus
454 5337 605 5410 Scriptura
619 5335 703 5392 dicit:
720 5357 734 5385 α
752 5335 900 5390 Estcorre-
953 5332 1013 5384 ster
1028 5327 1194 5384 misericors
1210 5332 1255 5384 ost
1270 5329 1344 5402 (Luc.
1361 5331 1410 5404 vi).
1430 5355 1440 5383 r
1459 5357 1515 5386 -o
1523 5335 1665 5394 Humiles.
1683 5360 1698 5388 >r
1709 5338 1785 5395 Sori-

60 5419 132 5478 ctio
148 5425 275 5482 mendax
289 5427 320 5482 in
335 5443 383 5482 ore
398 5423 780 5498 contumeliositlicclixix).
794 5443 807 5471 »ι
819 5420 898 5477 'lali-
952 5421 1036 5490 ptum
1053 5417 1161 5490 quippe
1174 5422 1219 5473 est
1241 5419 1336 5488 (Ereti.
1353 5423 1395 5489 xl:
1417 5443 1432 5472 a
1448 5422 1547 5480 Perdit
1566 5427 1641 5482 Deus
1668 5443 1782 5484 meino·

54 5487 124 5566 hus
139 5514 277 5570 convemt
291 5516 367 5589 quod
384 5515 527 5572 Dominus
542 5515 597 5571 ait:
611 5537 625 5566 a
647 5511 813 5586 Hypocrita‚
828 5510 899 5582 ejice
953 5505 1027 5562 riam
1043 5506 1247 5580 superborum,
1263 5509 1781 5585 etnonderelinquitmemoriamhu-

51 5595 200 5664 orimum
215 5603 331 5666 trahem
344 5605 379 5667 de
394 5603 479 5666 oculo
494 5608 555 5678 tuo,
572 5607 601 5666 et
615 5606 687 5663 tuno
697 5599 857 5679 perspicies
867 5603 900 5660 ut
952 5594 1078 5672 milium,
1095 5611 1109 5650 u
1125 5595 1161 5655 tlt
1177 5595 1319 5657 Dominus
1335 5596 1446 5680 inquit:
1465 5623 1480 5658 u
1492 5600 1599 5664 hiscite
1614 5619 1632 5666 a
1648 5619 1695 5662 ina
1715 5601 1785 5684 quiq
