3872 6168
86 327 133 388 itt
671 319 847 384 trottttlAE
872 317 921 380 [ill
943 315 1142 380 TEMPORE.
1464 359 1467 366 .
1699 312 1760 378 ΗΞ

82 458 134 530 ejus
150 456 248 536 tronum
255 449 336 510 nobis
343 468 428 510 omne
436 452 580 528 signatur.
590 451 874 520 Crucitlxollomiao,
890 451 918 520 Α
932 450 1027 508 tussis
1041 444 1410 508 latibulisfraudulentum.
1419 445 1583 520 Hyssopum
1596 430 1758 517 autem,cui

80 551 245 620 posteaquam
259 540 607 598 divisioveetimentornm
616 541 877 612 ejusetiammissa
932 541 1207 612 circumposuerunt
1221 537 1375 611 spongiam
1392 539 1471 592 aceto
1482 532 1609 607 plenem,
1619 534 1757 606 quoniam

79 639 139 692 torta
151 629 281 704 completa
296 635 351 698 eat,
362 631 643 704 quaedeindenarrat
657 632 877 688 toennesevaa-
930 629 1022 686 herba
1036 633 1081 684 est
1096 627 1228 694 humilis,
1242 632 1271 684 et
1285 631 1386 699 pectus
1402 626 1520 697 purgat,
1535 621 1630 694 ipsius
1651 621 1758 678 Christi

77 723 174 798 gelista,
190 720 342 776 videamus.
931 716 1127 774 humilitatem
1141 720 1336 790 congruenter
1351 713 1522 784 accipimus,
1532 725 1620 782 quam
1633 709 1756 766 circum·

105 835 117 860 ι
133 813 162 866 itt
175 807 274 864 milites
288 806 407 880 quidem
424 807 484 864 hese
500 809 638 865 fecerunt.
649 809 875 864 Stabuntautem
931 806 1083 875 dedorunt,
1100 811 1129 862 ot
1152 822 1183 862 se
1210 803 1438 860 circumvenisse
1467 803 1651 872 putaverunt.
1677 797 1758 854 Unde

77 923 89 950 ιι
96 901 171 970 Juxta
183 913 292 953 crucem
308 895 378 952 iesu
395 900 487 952 mater
497 898 571 970 ejus,
580 897 876 968 etsorormutrisejus
930 895 1002 952 illud
1018 897 1047 951 in
1063 895 1192 967 psalmo:
1209 917 1222 946 ιι
1238 896 1382 967 Asperges
1398 907 1454 956 me,
1473 911 1487 939 ιι
1509 887 1641 954 Domine,
1654 908 1668 936 «
1685 885 1756 960 bys-

77 1009 88 1039 ι
102 988 181 1044 llario
193 983 332 1057 Cleophis,
348 985 742 1060 etblarialldegdalene.(lum
755 985 876 1042 vidisset
930 1003 1001 1060 sepo
1016 991 1045 1041 et
1059 985 1224 1041 mundabor
1239 983 1322 1055 (Psoi.
1341 985 1376 1051 a).
1396 1003 1410 1030 ιι
1427 977 1533 1034 Christi
1550 991 1678 1048 namque
1700 974 1756 1030 hu·

75 1092 158 1148 «ergo
171 1076 251 1132 lesus
266 1079 388 1132 matrem
408 1078 436 1130 et
451 1075 631 1148 discipulum
641 1079 875 1147 stantem,quem
930 1075 1053 1132 militate
1068 1074 1258 1139 mundamur,
1275 1070 1345 1144 quia
1366 1068 1423 1124 nisi
1437 1063 1624 1122 humiliasset
1648 1067 1756 1119 semet-

72 1163 230 1236 odiligebat,
246 1163 316 1220 dicit
331 1163 873 1232 matrisumeMulier,eocefrliustuus:
930 1165 1038 1237 ipsum,
1053 1163 1145 1218 faetus
1160 1160 1299 1216 obediens
1314 1157 1391 1214 Patri
1407 1171 1501 1228 usque
1511 1153 1547 1208 ad
1557 1155 1679 1209 mortem
1692 1168 1756 1208 cru·

72 1277 82 1303 ι
97 1252 192 1308 lleinde
207 1251 276 1308 dicit
302 1250 465 1326 discipule:
492 1253 561 1308 Eece
584 1258 679 1309 mater
702 1257 761 1308 tua.
778 1273 793 1303 ιι
811 1251 876 1308 Haec
929 1251 971 1308 cis
986 1251 1104 1327 (Philip.
1117 1249 1159 1321 ιι),
1177 1247 1277 1319 utique
1292 1243 1490 1318 sanguisejus
1505 1242 1533 1296 in
1549 1239 1753 1295 remissionem

71 1341 193 1396 nimirum
208 1345 250 1397 est
264 1339 401 1398 illabere
417 1341 446 1398 in
462 1357 521 1413 qua
532 1341 617 1398 lesus
632 1358 740 1414 aquam
756 1357 874 1398 eonver-
930 1344 1123 1414 peccatorum,
1140 1338 1194 1394 hoe
1209 1341 1263 1402 est,
1281 1335 1310 1390 in
1322 1339 1451 1390 nostram
1460 1329 1682 1388 mundationem
1695 1343 1753 1382 non

71 1445 142 1485 surus
156 1428 184 1484 ia
197 1428 309 1496 vinum,
326 1429 433 1486 dixerit
448 1429 552 1486 matri:
570 1453 584 1480 ιι
601 1429 673 1496 Quid
692 1428 766 1486 mibi
778 1435 806 1486 ot
821 1429 875 1486 tibi
929 1430 1033 1486 fuisset
1046 1427 1168 1484 effusus.
1185 1427 1243 1482 Nee
1258 1427 1371 1480 moveat
1385 1420 1524 1495 quoniam
1540 1415 1694 1490 spongiam
1710 1413 1751 1470 ori

69 1523 112 1584 est,
126 1517 245 1574 mulieri
259 1517 396 1574 Nondum
412 1519 491 1575 venit
507 1518 578 1576 bora
594 1535 659 1574 mea
681 1519 773 1592 (teon.
799 1521 840 1587 ιι).
859 1540 873 1568 ιι
928 1519 993 1589 ojus
1009 1520 1166 1590 potuerunt
1177 1515 1340 1580 admovere,
1357 1511 1407 1584 qui
1424 1510 1452 1565 in
1470 1524 1554 1564 eruce
1570 1506 1666 1561 fuerat
1679 1503 1754 1559 exal-

68 1607 132 1662 liano
144 1599 237 1679 itaipue
249 1606 352 1662 boram
369 1606 557 1680 praedixerat,
574 1624 638 1680 que
654 1611 728 1664 tuno
742 1608 874 1666 nondum
928 1611 1007 1664 tatus
1019 1624 1037 1664 a
1051 1611 1136 1662 terra.
1154 1605 1236 1661 Sicut
1249 1602 1328 1660 enirn
1344 1599 1420 1674 apud
1434 1591 1753 1668 aliosevangelistesle·

66 1699 163 1751 venerat
177 1693 205 1751 in
220 1712 280 1768 qua
294 1697 414 1752 deberet
427 1696 547 1768 agnosci
564 1696 870 1766 amatremoriturus,
927 1685 1111 1770 gitur,'quod
1128 1693 1177 1750 bio
1192 1690 1387 1766 pretermisit,
1403 1689 1434 1744 in
1460 1685 1603 1742 arundine
1626 1697 1691 1738 esse
1706 1681 1750 1738 fa-

66 1784 521 1855 tequafueratmortaliternatus.
534 1785 870 1854 Tenedivinafacturus,
928 1789 1064 1852 ctum,‘ut
1078 1783 1107 1839 in
1124 1781 1248 1856 spongia
1263 1779 1331 1836 talis
1347 1781 1434 1850 potus
1449 1775 1485 1830 ad
1501 1772 1597 1830 erucis
1610 1769 1752 1848 sublimia

65 1871 871 1948 noudivinitatis,sedinfirmitatismatremvelutineogui·
925 1861 1749 1938 lavaretur.PerarundinenrveroSeripturasignilicatur,

64 1963 110 2015 tant
124 1960 366 2033 reprehendebam
381 1979 462 2018 nune
475 1968 575 2020 autem
589 1963 721 2020 bumana
738 1966 802 2038 jam
818 1983 870 2038 pa·
924 1981 987 2036 qum
1002 1961 1182 2035 implebatur
1196 1960 1251 2018 boc
1266 1959 1351 2015 facto.
1368 1956 1450 2012 Siout
1464 1953 1543 2010 enim
1559 1951 1661 2024 lingua
1679 1949 1749 2006 dici-

64 2047 133 2118 tiens,
146 2065 178 2106 er
191 2050 870 2123 quafueratfaotusbomo,atfeotuconamende-
923 2056 981 2120 tur,
996 2050 1156 2114 usitatius,
1172 2049 1217 2106 vel
1233 2048 1292 2106 alia
1303 2045 1444 2120 qualibet,
1458 2057 1564 2100 sonum
1579 2038 1751 2114 significans

63 2137 101 2193 bnt
113 2138 244 2196 bumana.
266 2141 351 2196 Tunc
375 2139 465 2205 enim,
490 2141 541 2215 qul
565 2141 686 2198 Mariam
711 2146 867 2212 creaverat,
924 2141 974 2214 qui
989 2140 1092 2215 lingue
1107 2138 1261 2213 promitur,
1276 2137 1318 2192 sic
1334 2134 1446 2192 arundo
1462 2131 1519 2187 dici
1534 2133 1630 2203 potest
1643 2125 1749 2193 littora,

62 2225 241 2284 innotescebat
255 2227 379 2285 virtute:
396 2247 474 2289 nune
489 2247 566 2296 vero,
580 2247 666 2304 quem
679 2231 769 2288 Maria
785 2249 868 2306 pepe·
923 2247 987 2302 quse
1003 2229 1146 2286 arundine
1160 2227 1308 2293 scribitur,
1323 2225 1372 2280 sed
1383 2218 1694 2296 significantiussonos
1705 2232 1751 2271 vo-

61 2321 130 2381 rerat,
147 2317 292 2388 pendebat
307 2318 337 2372 in
352 2335 447 2374 cruce.
465 2318 582 2376 Moralis
598 2319 688 2392 igitur
701 2321 869 2378 insinuatur
923 2320 965 2376 cis
979 2319 1115 2376 humone
1132 2316 1326 2374 usitatissime
1341 2313 1467 2370 dicimus
1477 2310 1604 2383 linguas.
1621 2305 1751 2378 Scriptu-

60 2402 135 2472 lorns,
149 2405 188 2460 ita
202 2406 272 2462 facit
288 2407 367 2479 quod
383 2407 550 2464 faciendum
566 2409 715 2478 admonet,
730 2415 760 2465 et
770 2427 867 2468 exem·
923 2425 986 2465 ram
1001 2425 1067 2464 vero
1083 2406 1256 2464 arundinem
1274 2404 1341 2471 dici,
1359 2401 1517 2476 quominus
1532 2402 1577 2454 est
1594 2396 1746 2462 usitatum,

7 2571 8 2576 η
59 2491 95 2562 plo
108 2509 156 2550 sno
168 2493 311 2552 instruxit
326 2511 397 2552 suos
413 2501 575 2568 preceptor
590 2497 696 2564 bonna,
713 2501 746 2554 ut
760 2515 778 2554 a
798 2497 868 2556 tiliis
922 2515 956 2554 eo
972 2497 1066 2571 magis
1081 2501 1126 2554 est
1141 2495 1264 2566 mystice
1278 2495 1448 2566 figuratum.
1466 2511 1480 2540 ιι
1496 2487 1568 2544 Cum
1579 2500 1648 2559 ergo
1662 2483 1749 2540 Jesus

7 2577 9 2612 ὲ
60 2580 103 2650 piis
116 2581 300 2654 impendatur
313 2585 578 2657 comparentibus,
590 2589 732 2658 tanquam
752 2585 866 2661 lignum
922 2578 1630 2660 accepissetaeetum,dixitzflonsammatumest.
1641 2571 1748 2642 vOuid,

7 2663 8 2692 ³
58 2666 124 2734 illud,
137 2671 182 2727 ubi
198 2677 284 2728 erant
300 2673 358 2730 fras
372 2675 506 2730 membra
527 2674 689 2744 morientis,
714 2675 801 2734 etiam
818 2694 866 2734 aa·
921 2676 977 2733 nisi
992 2675 1070 2748 quod
1087 2673 1248 2747 pauloante
1261 2671 1414 2746 prophetia
1426 2663 1617 2740 predixerat?
1631 2661 1737 2718 deinde

59 2756 141 2816 thedra
154 2759 238 2817 fuerit
255 2761 393 2834 magistri
407 2762 550 2820 docentis.
567 2787 582 2813 ιι
596 2765 668 2821 lites
683 2764 867 2822 illaborans·
921 2762 1079 2838 quianihil
1095 2766 1284 2828 remanserat,
1303 2761 1380 2834 quod
1401 2761 1558 2830 antequam
1574 2754 1746 2816 moreretur,
1831 2749 1838 2760 “

59 2847 147 2920 “felii
159 2865 222 2906 Μ]
240 2849 408 2924 discipulus
423 2851 522 2908 insna.
533 2873 547 2902 ιι
556 2853 866 2926 Desemetipsodioeus
921 2855 983 2911 lieri
997 2854 1093 2910 adbuc
1104 2846 1490 2926 oportebat'l'anquamille,
1508 2842 1558 2916 qui
1571 2841 1746 2914 potestatem

59 2933 197 3012 siequippe
212 2955 447 2996 commemorare
462 2939 546 3010 solet,
562 2942 640 3013 quod
650 2942 866 3016 eumdiligebat
920 2943 1047 3002 habebat
1062 2943 1188 3016 ponendi
1203 2942 1345 3006 animam,
1361 2936 1511 2994 etiterum
1527 2928 1663 2992 sumendi
1680 2943 1745 2982 earn

57 3021 135 3092 lesus,
150 3027 316 3102 quietique
332 3043 445 3096 omnes,
462 3029 866 3102 seipsumpraeooeterisfami-
921 3034 1008 3104 (teon.
1023 3032 1063 3103 ιι),
1080 3032 1205 3106 peractis
1228 3029 1377 3094 omnibus,
1401 3043 1466 3096 qum
1482 3026 1515 3079 ut
1538 3019 1747 3094 peragerentur

58 3108 142 3170 liarius
155 3114 309 3190 diligebat,
334 3117 376 3174 ita
399 3116 473 3174 utin
494 3117 624 3176 convivio
647 3135 738 3190 supra
761 3123 864 3192 pectus
919 3123 1114 3195 exspectabat,
1130 3119 1268 3176 inclinato
1284 3116 1378 3190 capite
1390 3113 1510 3172 tradidit
1521 3103 1744 3183 spiritumouis

57 3215 126 3258 suum
141 3203 265 3261 residere
282 3206 400 3262 laceret.
420 3206 512 3264 Credo
536 3211 568 3263 ut
592 3206 679 3264 istius
702 3207 860 3281 Evangelii,
878 3190 900 3257 C
918 3210 960 3267 ita
974 3210 1083 3267 dormit
1099 3207 1355 3282 quandovoluerit,
1369 3202 1536 3261 sicuttesus
1547 3202 1680 3255 mortuus
1688 3198 1743 3259 est,

56 3291 115 3357 tuod
130 3309 259 3365 pereum
276 3294 376 3368 fuerat
390 3295 611 3367 predicaturus,
629 3295 757 3353 divinam
769 3296 862 3354 excel·
917 3300 1035 3373 quando
1050 3298 1160 3356 voluit?
1175 3297 1247 3364 Quis
1261 3297 1302 3352 ita
1315 3298 1426 3351 vestem
1437 3289 1557 3364 deponit
1568 3280 1687 3360 quaudo
1697 3299 1745 3339 vo-

56 3371 154 3435 lentiam
169 3381 223 3437 boc
237 3382 330 3439 modo
346 3382 435 3438 altius
449 3385 677 3442 commendaret.
917 3387 1014 3456 luerit,
1030 3388 1106 3444 sicut
1117 3388 1204 3444 lesus
1217 3387 1347 3444 animam
1363 3381 1481 3455 quando
1496 3375 1608 3434 voluit‘l
1620 3372 1691 3439 Quis
1701 3372 1743 3428 ita

81 3487 92 3514 ι
105 3467 201 3524 Postea
218 3469 363 3526 Dominus
389 3471 485 3528 sciens
500 3472 569 3545 quia
587 3475 651 3544 J'arn
676 3475 776 3531 omnia
790 3491 862 3530 eon·
917 3493 983 3534 curu
998 3476 1122 3533 voluerit
1136 3472 1374 3547 obiit,quomodo
1387 3467 1583 3542 obiitquando
1597 3460 1743 3522 voluitJe·

55 3560 206 3613 vsonrmata
217 3561 859 3634 sunt,utoonsummareturScriptura,dixit:
916 3567 988 3623 eust
1002 3568 1116 3638 Quanta
1131 3565 1278 3638 speranda
1291 3561 1335 3618 vel
1352 3559 1483 3616 timenda
1498 3557 1626 3628 potestas
1637 3557 1682 3608 est
1692 3549 1740 3622 ju-

55 3641 146 3700 «strio.
159 3645 215 3703 Vas
231 3663 306 3721 ergo
330 3647 460 3720 positum
483 3652 546 3704 eret
561 3653 642 3706 aceto
667 3650 796 3723 plenum.
818 3650 861 3707 illi
916 3654 1052 3722 dicuntia,
1069 3655 1092 3710 si
1109 3643 1741 3728 apparuerittantamorientisiPosteequam
1762 3675 1766 3682 -

55 3733 160 3790 «numm
174 3735 333 3810 spongiam
348 3740 429 3793 aceto
438 3736 687 3812 plenambyssopo
696 3739 861 3812 circumpo·
915 3743 1059 3800 Dominus
1070 3743 1157 3798 iesus
1172 3739 1299 3815 peractis
1314 3737 1464 3804 omnibus,
1481 3751 1544 3806 que
1574 3735 1641 3788 ante
1655 3745 1740 3785 suam

54 3823 172 3888 «nanim,
188 3823 364 3880 obtuleruut
379 3825 422 3880 ori
437 3825 513 3896 ejus.
530 3825 603 3882 Cum
617 3842 686 3898 ergo
702 3827 862 3900 accepisset
916 3836 1040 3888 mortem
1056 3830 1155 3904 peragi
1171 3833 1304 3904 oportere
1319 3825 1500 3901 praesciebat,
1517 3821 1634 3895 quando
1651 3817 1743 3876 voluit

53 3903 148 3964 «lesus
161 3914 293 3979 acetum
308 3911 395 3968 dixit:
412 3911 759 3970 Consummatumest.l·]t
772 3914 858 3972 inoli-
914 3919 1035 3976 tradidit
1049 3919 1202 3990 spiritum.
1218 3918 1285 3982 Quas
1300 3915 1515 3973 deindesecuta
1529 3914 1610 3979 suut,
1620 3924 1742 3982 evange-

54 3998 130 4051 «uato
143 3999 246 4072 eapite,
263 4000 389 4056 tradidit
404 4000 551 4074 spiritum.
567 4021 580 4052 ι
600 4002 671 4068 Ouia
686 4006 860 4077 potestque
914 4008 984 4064 lista
997 4013 1144 4074 narrante,
1161 4006 1321 4062 videamus.

55 4077 108 4136 feeit
120 4083 156 4140 ita
164 4085 335 4161 disponere,
343 4089 489 4161 quomodo
500 4089 800 4162 disposuitbomoiste
809 4092 860 4166 qui
950 4119 965 4147 ιι
979 4096 1071 4153 iudaei
1087 4111 1167 4168 ergo,
1184 4116 1198 4144 ιι
1214 4094 1320 4166 inquit,
1334 4115 1348 4142 ιι
1358 4091 1497 4165 quoniam
1507 4089 1738 4161 parasceveerat,

54 4181 137 4236 passm
150 4175 211 4232 est?
225 4177 280 4242 ead
298 4175 387 4234 bomo
408 4177 553 4234 mediator
573 4177 624 4234 Dei
640 4183 668 4234 et
692 4179 859 4253 bominum,
914 4208 929 4236 ιι
950 4189 983 4241 at
1005 4199 1063 4240 non
1090 4187 1274 4239 remanerent
1302 4181 1334 4235 in
1362 4195 1447 4236 cruce
1470 4193 1593 4250 corpora
1616 4175 1738 4231 sabbato

53 4251 122 4354 hauto
133 4262 167 4317 de
178 4279 237 4336 quo
253 4265 430 4338 pradictum
458 4265 581 4340 legitur:
607 4267 643 4323 ιιι
656 4267 744 4326 borno
759 4274 813 4338 est,
830 4275 860 4328 et
914 4295 928 4324 ιι
946 4271 1112 4345 (eratenim
1128 4287 1254 4342 magnus
1270 4269 1332 4326 dies
1348 4267 1397 4323 ille
1411 4263 1547 4336 sabbati),
1564 4263 1739 4334 rogaverunt

53 4357 103 4412 luis
111 4351 238 4422 agnoscit
252 4353 505 4420 eumeuoniam
515 4371 628 4424 omnes,
647 4373 698 4430 per
713 4357 859 4430 quoebaeo
914 4384 928 4413 «
945 4361 1082 4425 Pilatum,
1098 4364 1131 4416 ut
1145 4360 1350 4432 frangerentur
1373 4369 1475 4412 eorum
1499 4367 1595 4418 crura,
1612 4354 1640 4406 et
1656 4348 1737 4406 tolle·

52 4429 147 4504 fiebant,
161 4439 306 4497 videbant
321 4441 482 4509 bominem,
498 4445 550 4499 sed
576 4461 635 4500 noa
659 4439 859 4524 agnoscebant
914 4473 929 4502 ιι
945 4454 1054 4507 rentur.
1072 4471 1086 4500 ιι
1104 4449 1166 4504 Νοιι
1191 4463 1277 4504 crura
1300 4444 1482 4514 tollerentur,
1509 4440 1559 4498 sed
1574 4439 1604 4494 bi
1629 4438 1737 4511 quibus

52 4515 132 4580 Deum.
148 4525 238 4586 Homo
251 4545 383 4602 namque
398 4531 568 4603 apparebat,
581 4533 651 4604 quia
668 4535 809 4592 Dominus
818 4536 860 4591 la·
876 4557 897 4622 p)
914 4539 978 4595 ideo
994 4537 1205 4610 frangebantur
1219 4539 1252 4592 ut
1275 4536 1470 4599 morerentur,
1496 4529 1681 4588 auferrentur
1703 4543 1737 4582 aa

52 4607 120 4700 lebet.
143 4615 313 4674 Patiebatur
336 4617 398 4676 brec
427 4618 537 4686 omnia,
563 4619 614 4694 qui
641 4623 814 4695 apparebat:
831 4629 860 4680 et
913 4627 1053 4700 tigrane
1082 4625 1241 4698 pendentes
1267 4624 1297 4680 in
1313 4619 1462 4689 crucibus,
1489 4633 1631 4692 magnum
1658 4615 1736 4672 diern

51 4693 110 4799 iffi
136 4701 195 4776 ipse
223 4705 402 4780 disponebat
431 4706 492 4766 haeo
523 4710 633 4778 Omnia,
664 4710 858 4782 quitassent.
913 4715 1020 4772 festum
1035 4714 1081 4770 sui
1095 4713 1225 4769 diuturni
1241 4713 1388 4769 cruciatus
1402 4709 1523 4766 herrore
1538 4707 1690 4762 foedarent.

51 4781 113 4842 ludit
124 4806 199 4866 ergo,
214 4793 358 4867 quoniam
374 4801 579 4854 consummata
593 4802 662 4855 sunt
674 4800 773 4857 omnia
791 4817 856 4874 que
950 4826 963 4854 ιι
978 4802 1127 4860 Venerunt
1138 4818 1207 4875 ergo
1223 4801 1341 4868 milites,
1357 4803 1386 4857 et
1400 4797 1488 4872 primi
1504 4795 1622 4871 quidem
1641 4794 1734 4866 frege-

52 4879 179 4942 vianense
191 4888 225 4938 ut
242 4883 348 4940 fierent
363 4888 521 4958 antequam
537 4886 816 4960 acciperetaeetum.
828 4894 858 4947 et
912 4913 926 4943 ιι
943 4895 1011 4947 runt
1026 4907 1121 4956 crura,
1138 4895 1167 4947 et
1181 4891 1302 4946 alterius
1317 4889 1368 4962 qui
1384 4886 1540 4944 crucifixus
1553 4887 1674 4940 estcum
1689 4897 1734 4938 eo.

51 4959 156 5022 traderet
169 4971 321 5044 spiritum,
337 4977 425 5044 atque
441 4978 473 5030 ut
484 4974 539 5030 boc
555 4974 642 5031 etiam
666 4992 855 5036 consumma·
910 5004 925 5031 «
940 4979 983 5036 nd
997 4980 1098 5036 lesum
1114 4983 1213 5036 autern
1228 4995 1296 5036 curn
1311 4977 1469 5043 venisseut,
1480 4979 1510 5032 ot
1522 4973 1658 5030 viderunt
1668 4988 1734 5027 eum

52 5051 200 5126 ratarquod
223 5059 281 5116 ait:
301 5083 312 5110 ι
339 5061 375 5116 ιιι
397 5061 426 5117 in
452 5061 501 5119 siti
526 5079 593 5120 maa
612 5067 786 5137 potaverunt
808 5085 855 5125 me
910 5093 923 5120 ιι
936 5069 999 5140 jam
1016 5073 1175 5134 mortuum,
1191 5084 1249 5123 non
1262 5065 1578 5140 fregeruntejuserura.
1592 5061 1735 5119 sedunus

51 5141 114 5196 ‘liii’
127 5143 208 5210 (Paal.
224 5150 334 5217 nsvin),
352 5171 367 5198 ιι
382 5148 465 5220 Sitia,
474 5148 580 5224 inquit,
591 5151 731 5226 tanquam
745 5153 799 5210 boo
812 5155 854 5212 di·
909 5181 923 5210 ιι
941 5156 1069 5213 militum
1085 5156 1186 5212 lancea
1199 5155 1277 5210 latus
1291 5155 1355 5224 ejus
1368 5151 1492 5225 aperuit,
1501 5156 1530 5208 et
1541 5152 1680 5208 continuo
1690 5167 1736 5206 er-

51 5230 192 5333 ”3135100
208 5235 310 5291 ffliffllss
326 5235 447 5306 remiis,
469 5239 535 5294 dale
551 5241 628 5313 quod
654 5241 735 5299 estis.
760 5244 852 5302 tuost
910 5269 925 5298 ιι
939 5246 992 5302 ιιιι
1006 5245 1127 5318 sanguis
1143 5237 1734 5316 etaqua.aVigilanterverbieevangelista

49 5323 138 5408 libitus
151 5322 206 5392 rpsi
222 5328 308 5380 erant
323 5329 450 5393 acetum,
467 5328 674 5401 degenerantes
690 5331 786 5388 avino
802 5351 849 5407 pa·
908 5351 980 5392 usus
996 5338 1050 5401 est,
1068 5350 1125 5389 non
1141 5338 1173 5388 ut
1186 5332 1304 5398 diceret,
1321 5330 1400 5386 latus
1422 5330 1487 5401 ejus
1511 5329 1665 5400 percussit,
1682 5331 1734 5383 aut

48 5397 267 5509 lescheriensi
295 5413 514 5487 prophetarum.
540 5419 695 5491 Tanquam
708 5419 743 5476 de
768 5420 853 5493 pleno
907 5421 1079 5490 vulneravit,
1097 5426 1148 5478 aut
1162 5421 1232 5492 quid
1249 5419 1340 5486 aliud,
1355 5417 1537 5491 eedaperuit,
1554 5416 1652 5473 utillio
1663 5432 1733 5488 quo-

49 5493 701 5579 vaaadermquitatemunoihujusimpteti‚oor
712 5508 853 5568 habentes
907 5512 1064 5568 dammodo
1080 5506 1732 5582 vitecostiumpanderetur,uudesacramenta

48 5575 112 5633 velat
125 5590 278 5661 spongiam
294 5591 457 5650 cavernosis
473 5595 690 5667 quodammodo
701 5601 853 5670 atquetor·
907 5599 1040 5657 Ecclesia
1056 5603 1257 5668 manaverunt,
1282 5598 1345 5655 sine
1369 5597 1478 5670 quibus
1492 5594 1526 5650 ad
1551 5593 1650 5660 vitam,
1667 5607 1730 5661 qua
