3988 6180
4 340 9 348 -
111 299 171 378 isa
475 337 478 348 ·
721 317 898 379 neuram
919 317 969 378 on
991 317 1191 380 rectaene.
1757 323 1818 387 rie

110 453 140 505 et
153 449 281 506 maxime
295 448 338 506 illi
354 447 404 523 qui
426 448 581 522 hypocritas
601 447 797 522 appellantur,
814 448 871 506 alia
883 465 936 522 pro
950 451 978 517 Α
993 465 1027 505 ea
1049 449 1160 523 scripta
1183 454 1253 507 sunt
1276 451 1369 526 (Apros.
1386 451 1416 524 r).
1434 473 1449 502 »
1462 452 1530 510 illos
1554 454 1631 510 enim
1656 455 1820 528 specialiter

109 537 174 594 aliis
186 538 372 605 mentientes,
382 541 410 593 et
421 535 521 593 fallant
533 535 650 604 alics,et
660 537 799 594 faliantur
811 538 847 594 ab
860 536 935 594 aliis.
992 538 1133 594 Dominus
1149 555 1218 595 suos
1235 541 1425 613 recognoscit,
1442 541 1492 614 qui
1508 557 1575 598 cum
1588 548 1666 599 recte
1676 545 1732 600 ilde
1742 545 1819 604 bona

110 625 166 682 Sed
177 625 272 683 facilis
283 627 319 682 ad
330 626 390 682 bec
401 625 758 700 patetresponsio,quiusi
768 627 938 684 hominibus
992 643 1081 700 opera
1104 628 1280 701 adjungunt.
1297 628 1378 686 Unde
1403 629 1559 687 Psalmista
1586 648 1654 688 cum
1678 631 1708 688 in
1734 631 1820 691 lauda

108 715 170 771 baec
185 714 300 772 occulta
315 720 394 784 sunt,
410 715 468 771 Deo
492 717 592 771 tamen
617 714 773 772 manifesta
793 720 872 784 sunt,
887 715 938 789 qui
992 720 1162 772 sanctorum
1177 717 1295 784 diceret,
1310 741 1323 768 a
1341 720 1518 775 invocabant
1532 719 1703 789 Dominum,
1715 724 1744 779 et
1759 723 1821 796 ipse

107 803 218 862 clarius
231 805 309 861 uidet
323 821 358 861 ea
368 821 430 877 quaa
446 809 517 861 sunt
530 804 561 859 in
577 804 674 874 corde,
692 822 780 879 quam
793 810 825 860 tu
841 805 938 862 ridere
991 804 1164 861 exaudiebat
1178 822 1237 873 eos,
1248 827 1262 856 n
1274 807 1426 878 adjunxit:
1439 829 1453 859 a
1470 807 1680 864 custodiebant
1694 809 1824 869 testimo.

107 894 206 966 possis
221 910 286 965 quae
299 898 371 949 sunt
386 895 415 949 in
440 893 523 963 facie,
550 893 664 952 dicente
679 892 830 966 Scriptura
846 911 852 950 :
869 897 936 961 Due
993 891 1113 963 niaejus
1122 897 1150 949 et
1158 900 1335 968 preceptum
1345 896 1423 968 quod
1432 896 1512 951 dedit
1521 894 1580 952 illis
1593 897 1678 969 (Psoi.
1688 905 1794 970 rcvnr).
1806 921 1821 954 a

107 987 178 1039 sunt
191 983 222 1039 in
236 983 322 1039 corde
337 981 477 1050 hominis,
488 982 564 1039 oculi
577 982 618 1039 tui
635 983 744 1052 vident,
756 982 936 1041 Dominetlii
991 981 1028 1036 Et
1041 981 1110 1038 aiibi
1123 999 1129 1038 :
1143 1005 1157 1034 a
1169 983 1248 1039 Beati
1264 984 1314 1057 qui
1330 985 1500 1041 custodiunt
1508 985 1655 1057 judicium
1666 991 1694 1043 et
1708 988 1822 1047 iaciunt

106 1090 175 1146 erge
188 1071 243 1128 soli
257 1092 267 1120 ι
280 1088 314 1127 ex
324 1072 504 1129 abundantia
514 1072 610 1128 cordis
627 1088 659 1128 os
675 1071 814 1144 loquitur,
825 1093 839 1123 »
852 1073 937 1144 quus
987 1069 1135 1142 justitiam
1150 1071 1180 1127 in
1196 1073 1276 1128 omni
1291 1077 1422 1146 tempore
1434 1074 1521 1145 (Psoi.
1535 1073 1573 1146 a).
1584 1097 1598 1124 υ
1609 1075 1663 1140 Oui
1673 1091 1742 1150 ergo
1752 1077 1820 1136 talis

105 1162 200 1219 oculis
216 1161 297 1218 nuda
307 1165 336 1217 et
348 1165 448 1234 aperte
462 1165 532 1217 sunt
546 1161 646 1217 omnia
660 1161 751 1234 (iletr.
764 1164 813 1230 ιν),
829 1165 937 1217 etanta
992 1163 1045 1227 est,
1063 1160 1166 1217 merito
1181 1161 1275 1235 ipsius
1300 1163 1414 1219 Domini
1438 1162 1568 1218 imitator
1590 1164 1727 1236 allicitur,
1743 1166 1820 1224 sicut

105 1249 935 1323 videtintentionem,quamlinguaproleratsermcnem.
992 1249 1206 1322 subjungitur:

105 1341 162 1397 Sed
180 1357 239 1396 non
252 1355 369 1412 semper
380 1339 471 1396 latere
486 1343 610 1411 possunt
621 1339 757 1396 hemines
768 1337 935 1412 hypocritae,
1027 1360 1041 1388 «
1058 1337 1169 1396 Similis
1184 1343 1229 1398 est
1243 1339 1355 1396 bernini
1370 1341 1525 1399 edificanti
1538 1342 1730 1416 domum,qui
1745 1343 1819 1402 lodit

106 1429 250 1503 quoniam
265 1445 329 1502 qua
341 1428 370 1484 in
384 1429 470 1484 corde
481 1429 617 1486 ardenter
627 1427 763 1502 diligunt,
771 1428 937 1500 frequenter
991 1447 1006 1476 α
1022 1425 1051 1482 in
1066 1426 1172 1496 altum,
1187 1433 1216 1485 et
1236 1430 1334 1501 posuit
1349 1431 1541 1487 fundamenta
1556 1448 1646 1505 supra
1660 1437 1784 1505 petram.
1801 1453 1817 1485 a

103 1519 134 1575 in
153 1534 290 1574 sermone
304 1519 465 1590 proterunt.
491 1517 545 1584 Oui
569 1518 646 1574 enim
664 1517 824 1574 totocorde
843 1516 935 1572 Deum
991 1513 1147 1572 Homoiste
1154 1533 1205 1590 per
1213 1517 1818 1580 similitudinemDominusiesusChristue

102 1609 218 1676 sciunt,
234 1606 321 1663 etiarn
338 1606 526 1663 sermonibus
542 1623 630 1662 suum
646 1606 824 1663 desidorium
839 1609 936 1662 esten-
991 1607 1053 1659 est:
1071 1605 1139 1677 quia
1154 1607 1277 1662 aedificat
1291 1607 1423 1674 domum,
1434 1607 1567 1665 videlicet
1577 1613 1710 1666 sanctam
1723 1609 1819 1666 Eccle-

105 1694 380 1769 dunt,juntaillud
397 1695 562 1769 sapientis:
990 1692 1075 1761 siam,
1093 1710 1150 1750 non
1175 1711 1209 1750 ex
1233 1695 1380 1768 lapidibus
1405 1701 1433 1753 et
1456 1696 1545 1770 lignis
1569 1695 1745 1769 visibilibus,
1767 1699 1818 1756 sed

990 1796 1025 1836 er
1039 1783 1174 1854 pretiosis
1186 1788 1215 1840 et
1224 1784 1457 1858 imputribilibus
1468 1787 1624 1843 animabus
1635 1791 1816 1844 sanctorum.

990 1869 1028 1926 De
1037 1887 1095 1944 qua
1103 1872 1339 1946 perPrephetam
1348 1874 1456 1929 dicitur
1467 1893 1473 1931 :
1484 1897 1498 1924 «
1508 1874 1635 1932 Domum
1645 1880 1726 1933 tuam
1737 1877 1819 1933 deest

137 1965 197 2022 Sed
214 1964 284 2037 quia
298 1965 368 2019 sunt
381 1961 525 2031 nonnulli,
538 1963 720 2030 utdiximns,
732 1961 783 2034 qui
794 1967 827 2018 ut
840 1962 933 2018 homi·
987 1958 1163 2030 sanctitudo,
1180 1961 1312 2042 Domine,
1330 1963 1359 2017 in
1384 1962 1567 2036 longitudine
1592 1964 1706 2020 dierum
1731 1965 1824 2038 (t’sal.¹

99 2073 158 2113 nes
175 2053 274 2110 tallere
286 2053 412 2126 possint,
422 2051 569 2123 judicium
581 2050 698 2108 ticinen
709 2054 933 2119 metuunt,recte
986 2049 1065 2120 nen).
1083 2071 1097 2098 »
1114 2073 1127 2100 u
1144 2051 1198 2117 Qui
1214 2051 1287 2106 rodit
1301 2053 1331 2106 in
1348 2052 1453 2120 altum,
1466 2075 1482 2102 »
1498 2052 1568 2125 quia
1584 2049 1824 2127 terrennmcupi-·

97 2143 265 2218 increpatio
278 2141 470 2208 subinfertur,
488 2157 555 2197 cum
570 2140 679 2197 dicitur
692 2157 700 2198 :
986 2136 1107 2192 ditatam
1116 2139 1257 2196 radicitus
1269 2157 1286 2196 a
1296 2140 1435 2198 cordibus
1447 2139 1578 2198 fidelium
1590 2159 1711 2199 suorum
1725 2141 1818 2200 absci-

138 2257 153 2284 «ι
169 2233 245 2298 Ouid
257 2236 357 2288 autem
367 2230 476 2287 vocatis
490 2247 546 2298 me,
556 2228 862 2297 Domine,Dernine,et
874 2244 931 2286 non
986 2225 1816 2306 dituPosuitautemtundamentumsuprapetram,»quia

99 2349 114 2374 a
132 2321 232 2380 tacitis
248 2337 311 2394 que
326 2321 440 2377 dicet»
451 2319 553 2376 Dicere
563 2319 642 2376 enim
655 2313 786 2385 Domine,
798 2317 931 2385 Domine,
986 2312 1073 2370 fidem
1090 2314 1223 2372 Ecclesia
1236 2334 1325 2388 super
1340 2317 1470 2390 seipsum
1482 2318 1690 2376 constituitvel
1705 2315 1816 2377 stabili-

98 2415 137 2468 ad
165 2411 294 2468 fructum
320 2410 402 2466 boue
425 2408 538 2466 arboris
552 2407 698 2480 pertinere
711 2407 836 2472 videtur,
852 2411 878 2462 et
894 2407 930 2463 ad
985 2403 1035 2472 vit,
1052 2403 1128 2460 sicut
1142 2409 1239 2472 Petro,
1250 2405 1296 2462 cui
1313 2422 1330 2463 a
1345 2407 1481 2463 firmitate
1497 2411 1583 2481 petrae
1599 2424 1705 2465 nomen
1720 2407 1814 2483 impo-

98 2502 172 2558 boni
187 2499 361 2556 thesaurum
378 2499 493 2566 oordis;
510 2497 559 2554 sed
576 2513 634 2553 nen
650 2496 744 2553 iacere
758 2513 822 2568 qum
836 2496 930 2568 jubet,
985 2492 1076 2548 situm
1091 2497 1145 2561 est,
1173 2494 1265 2550 dicit:
1283 2499 1405 2569 «Super
1428 2495 1503 2552 banc
1529 2500 1642 2570 petram
1664 2497 1812 2555 aditlcabc

99 2589 200 2663 magis
216 2590 252 2645 ad
267 2585 483 2644 contumaciam
494 2586 629 2659 pertinet,
638 2601 726 2658 quam
742 2585 778 2640 ad
794 2585 930 2641 obedien·
985 2580 1144 2637 Ecclesiam
1154 2599 1248 2639 meam
1259 2586 1367 2652 (orarit.
1377 2587 1444 2653 xvr).
1456 2606 1470 2636 a
1483 2585 1651 2642 Petraenim
1663 2585 1812 2643 Christum

98 2675 335 2750 tiam,quoniam
345 2672 587 2747 sicutrtpostolus
597 2674 638 2730 ait
649 2674 683 2730 de
695 2673 852 2730 laisisiidei
864 2689 930 2746 pro·
985 2669 1143 2742 significet,
1160 2671 1235 2726 sicut
1250 2671 1291 2728 ait
1311 2673 1466 2745 Apostolus
1482 2689 1488 2729 :
1507 2695 1521 2724 u
1536 2673 1621 2730 Petra
1636 2678 1734 2730 autem
1750 2679 1813 2732 erat

98 2761 822 2828 sessoribus:«ConfitentursenosseDenm,tactis
833 2765 930 2817 autem
985 2759 1119 2814 Christus
1134 2761 1158 2828 (l
1172 2760 1232 2816 Cor.
1249 2762 1288 2832 x).
1305 2783 1319 2812 a
1336 2762 1417 2828 Quod
1432 2778 1499 2817 vero
1510 2762 1666 2836 subjungit
1678 2778 1686 2818 ε
1700 2785 1714 2814 «
1725 2763 1814 2819 Inun-

99 2859 214 2930 negant
228 2854 290 2928 (Tit.
306 2854 338 2926 r).
356 2875 369 2902 s
392 2850 497 2920 Quales
521 2850 664 2908 Dominus
687 2867 739 2926 per
759 2850 930 2924 prophetam
985 2871 999 2900 a
1016 2847 1132 2904 datione
1142 2853 1240 2905 autem
1252 2841 1509 2918 iacta,illisum'est
1522 2851 1630 2914 llumen
1643 2851 1744 2908 domui
1757 2850 1811 2920 illi,

99 2941 621 3018 reprobat,dicens:Populusautem
632 2937 776 2996 biclabiis
787 2939 931 2996 mehono·
985 2958 1000 2986 u
1016 2939 1045 2992 et
1061 2953 1117 2992 non
1132 2939 1228 3011 potuit
1241 2954 1276 2995 ea
1300 2939 1417 2995 moveri.
1437 2961 1450 2988 o
1466 2937 1618 2996 Manifesta
1633 2942 1722 3012 patet,
1739 2939 1810 3012 quia

100 3039 156 3102 rat,
167 3048 220 3089 cor
230 3054 243 3081 ι(
256 3034 353 3088 autem
364 3029 481 3087 illorum
496 3030 583 3103 longe
597 3033 642 3086 est
653 3046 670 3085 a
682 3030 802 3098 me(iso.
814 3029 901 3097 xxix).
916 3051 929 3078 »
985 3041 1061 3098 sepe
1076 3027 1330 3100 persecutionibus
1345 3033 1541 3086 concussaest
1551 3027 1688 3096 Ecclesia,
1702 3033 1812 3086 nenta-

101 3123 135 3178 Et
150 3120 223 3178 alibi
239 3121 269 3175 in
285 3119 458 3193 Evangelio:
474 3142 487 3172 a
502 3119 565 3178 Non
582 3117 678 3174 omnis
693 3117 742 3190 qui
759 3116 829 3172 dicit
844 3115 928 3185 mibi,
985 3131 1052 3170 men
1067 3131 1084 3172 a
1098 3115 1155 3173 tide
1165 3121 1321 3186 commota,
1334 3117 1491 3191 aliquando
1501 3133 1683 3192 paganorum
1695 3117 1811 3176 intesta-¹

101 3209 237 3277 Domine,
268 3207 400 3277 Domine,
425 3208 547 3264 intrabit
574 3208 604 3263 in
634 3221 756 3279 regnum
789 3189 965 3262 coelorumG
984 3203 1813 3281 tionibus,atiquaenosalsorumtranumperverstsdog-

101 3299 208 3373 (Mart.
224 3299 285 3370 vn).
305 3320 318 3348 a
345 3297 426 3353 Unde
452 3297 540 3354 fatuis
563 3295 727 3369 virginibus
752 3295 788 3350 ad
805 3295 929 3366 januam
985 3293 1123 3360 metibus,
1137 3293 1295 3367 aliquando
1311 3295 1488 3368 impulsione
1503 3295 1810 3369 daemonumvelpro·

102 3387 206 3462 sponsi
221 3385 441 3443 clamitantibus
458 3403 464 3442 :
481 3384 613 3454 Domine,
629 3383 761 3455 Domine,
783 3384 862 3456 aperi
878 3401 930 3440 ne·
984 3380 1054 3455 priae
1075 3381 1252 3456 tragilitatis,
1277 3385 1327 3440 sed
1349 3388 1450 3442 contra
1464 3385 1525 3442 haec
1537 3386 1637 3442 omnia
1652 3385 1738 3442 tirma
1751 3388 1810 3444 stat

102 3477 158 3546 bis,
176 3475 325 3532 dicturum
340 3489 372 3529 se
386 3489 449 3530 csse
465 3477 589 3531 testatur
600 3490 606 3528 :
619 3497 633 3523 u
649 3475 742 3530 Arnen
756 3473 821 3528 dico
836 3471 929 3546 vobis,
984 3470 1122 3539 Ecclesia,
1135 3473 1273 3545 quianon
1284 3472 1313 3529 in
1325 3489 1356 3530 se
1371 3474 1502 3544 confidit,
1514 3475 1564 3531 sed
1580 3471 1610 3529 in
1623 3473 1748 3541 Christo,
1765 3474 1810 3530 di·

101 3564 378 3636 nesciovostMattt.
388 3563 485 3634 xxvi.»
495 3562 656 3619 Suosenim
666 3562 931 3635 contessorcspre-
984 3576 1053 3616 cens
1068 3577 1135 3617 cum
1151 3560 1310 3634 propbeta:
1329 3585 1342 3612 a
1359 3563 1390 3618 ln
1405 3567 1487 3635 petra
1501 3563 1634 3621 exaltasti
1645 3579 1702 3633 rna,
1718 3562 1810 3619 dedu·

101 3659 255 3729 ceptorum
266 3667 388 3708 suorum
398 3651 534 3708 vultessa
549 3653 724 3724 operatores.
736 3650 819 3707 Unde
834 3651 930 3707 adbuc
983 3649 1051 3706 xisti
1067 3666 1122 3714 me,
1132 3647 1200 3723 quia
1211 3649 1306 3707 iactus
1316 3669 1348 3708 cs
1358 3667 1425 3724 spes
1441 3653 1613 3719 mea,turris
1629 3651 1819 3710 tortitudinis*

99 3741 329 3801 similitudinem
345 3740 488 3816 adjungit,
506 3740 629 3798 dicans:
983 3737 1087 3796 alacie
1111 3739 1224 3796 inimici
1249 3741 1333 3814 (Psoi.
1352 3741 1406 3812 aa).
1426 3763 1439 3790 »
1461 3741 1495 3797 Et
1519 3740 1626 3800 iterum
1644 3757 1650 3797 :
1667 3765 1682 3793 u
1705 3739 1812 3796 Statuit

134 3857 148 3884 a
163 3831 269 3888 Omnis
279 3831 329 3904 qui
339 3829 418 3886 venit
428 3830 464 3886 ad
478 3845 533 3896 me,
544 3833 572 3885 et
584 3827 827 3886 auditsermones
837 3845 928 3897 meos,
983 3844 1072 3899 supra
1087 3831 1199 3902 petram
1215 3829 1302 3901 pedes
1326 3846 1416 3898 maes,
1434 3835 1461 3886 et
1476 3829 1580 3887 direxit
1594 3847 1715 3904 gressus
1730 3845 1811 3886 meos
1877 3897 1882 3910 ἢ

100 3947 113 3974 a
129 3926 160 3978 et
174 3919 246 3978 iecit
260 3936 320 3988 ees,
336 3919 489 3976 ostendam
505 3918 586 3974 vobis
602 3917 649 3974 cui
675 3917 781 3975 similis
796 3920 850 3974 est.
866 3917 931 3973 »Et
984 3917 1066 3989 (Psoi.
1084 3921 1191 3985 mcxix).
1209 3941 1222 3968 u
1240 3917 1322 3974 Unde
1337 3923 1365 3975 et
1381 3918 1537 3976 subditur:
1554 3943 1568 3970 u
1585 3921 1717 3976 Fundata
1732 3919 1811 3976 enim

100 4011 225 4084 pulchre
235 4013 391 4084 postquam
402 4007 485 4076 dixit,
495 4031 509 4058 u
519 4007 639 4064 stendit
649 4023 799 4063 sermones
810 4023 902 4075 meos,
915 4029 929 4056 υ
984 4029 997 4056 «
1011 4009 1072 4062 crat
1082 4022 1173 4078 supra
1183 4009 1306 4078 petram,
1318 4029 1332 4056 υ
1344 4007 1373 4062 id
1384 4011 1428 4064 est
1438 4025 1528 4082 supra
1538 4007 1743 4064 ChristumDe
1753 4025 1811 4082 quc

100 4099 267 4173 adjunxit«
283 4096 460 4154 etfaciteos
477 4114 483 4154 :
505 4120 519 4147 n
536 4097 605 4169 quia
630 4101 663 4153 ut
686 4097 727 4152 ait
748 4095 904 4168 Apostolus
921 4112 928 4150 ι
984 4095 1025 4151 ait
1038 4093 1194 4168 Apostolus
1210 4111 1216 4150 :
1234 4119 1247 4145 u
1267 4096 1502 4152 Fundamentum
1519 4094 1599 4152 aliud
1616 4113 1701 4151 nemo
1716 4100 1813 4168 potest

101 4213 115 4239 a
128 4191 195 4245 Non
212 4188 360 4245 auditores
374 4185 448 4260 legis
456 4184 531 4258 justi
546 4190 616 4242 sunt
631 4186 709 4260 apud
722 4185 876 4250 Daum,sed
888 4185 929 4240 ta·
984 4199 1101 4258 ponere,
1117 4187 1221 4256 preter
1236 4184 1265 4240 id
1280 4184 1358 4256 quod
1372 4185 1503 4256 positum
1518 4189 1572 4250 est,
1585 4184 1662 4257 quod
1675 4187 1718 4240 est
1728 4181 1811 4239 Chri·

100 4285 197 4334 oteres
205 4275 449 4349 justificabuntur
460 4275 548 4346 (Rom.
560 4273 603 4347 n).
618 4299 631 4324 υ
644 4276 677 4331 Et
686 4275 748 4348 ipse
762 4273 791 4330 in
802 4274 930 4348 Evange-
985 4272 1143 4331 stusiesus
1154 4273 1246 4346 (ider.
1258 4273 1311 4346 nr).
1323 4295 1336 4322 r
1348 4273 1517 4330 sicutenim
1528 4273 1557 4329 in
1569 4271 1811 4329 edificationibus

99 4365 139 4423 lio
154 4364 291 4422 Salvator
305 4379 372 4420 cum
389 4361 526 4419 dixisset:
541 4385 555 4413 a
569 4363 650 4418 Beati
666 4362 714 4435 qui
731 4363 855 4418 audiunt
868 4377 930 4419 ver·
985 4362 1057 4419 nibil
1085 4363 1277 4419 fundamento
1305 4361 1387 4434 prius
1415 4362 1543 4436 ponitur,
1574 4361 1616 4418 sic
1642 4361 1811 4434 quicunque

98 4455 171 4511 bnm
182 4453 245 4521 Dei,
257 4475 271 4504 s
283 4452 426 4524 adjunxit,
443 4450 755 4508 aeteustodiuntillud
770 4451 905 4524 (tuear).
916 4471 930 4500 c
986 4469 1116 4509 amorem
1133 4451 1182 4508 Dei
1206 4451 1344 4507 omnibus
1359 4450 1448 4507 rebus
1462 4450 1614 4523 praeponit,
1631 4448 1685 4506 etsi
1701 4448 1812 4522 pulsari

97 4542 182 4600 Unde
197 4541 268 4599 alibi
284 4541 426 4598 Dominus
443 4538 605 4612 discipulos
625 4557 694 4597 suos
710 4540 867 4608 beatificat,
885 4539 931 4595 di·
946 4561 971 4627 D
987 4544 1091 4615 potest,
1106 4545 1205 4596 tamen
1221 4541 1323 4597 cadere
1338 4539 1432 4597 nescit
1448 4559 1454 4596 :
1473 4539 1543 4613 quia
1563 4539 1728 4612 superjecta
1743 4531 1821 4594 titu-'

96 4649 168 4689 cens
185 4649 192 4688 ε
211 4654 226 4681 a
252 4629 340 4687 Scitis
368 4628 454 4686 hec?
469 4628 545 4684 beati
570 4629 664 4698 eritis,
695 4627 718 4684 si
745 4627 872 4684 feceritis
899 4645 933 4686 ea
987 4631 1056 4686 bare
1072 4629 1216 4697 nesciunt,
1229 4629 1346 4702 quando
1357 4629 1414 4685 fixa
1429 4633 1508 4686 stant
1522 4646 1556 4685 ea
1572 4645 1635 4702 quae
1651 4627 1812 4684 continent.

97 4726 195 4790 (toan.
223 4719 297 4792 arnt.
313 4742 327 4769 »ι
352 4719 425 4776 Hinc
440 4722 469 4775 et
490 4717 620 4774 ioannes
637 4718 666 4772 in
691 4716 864 4790 Apocalypsi
879 4735 935 4774 sua
988 4719 1070 4776 Unde
1081 4717 1150 4774 alibi
1161 4720 1196 4774 de
1209 4717 1337 4776 Ecclesia
1351 4718 1459 4774 dicitur
1471 4734 1477 4774 :
1490 4741 1504 4770 e
1517 4718 1549 4774 Et
1559 4721 1648 4792 porta
1659 4715 1742 4773 inleri
1755 4731 1813 4775 nen

98 4809 326 4867 cumdixisset:
339 4831 353 4858 u
366 4809 472 4864 Beatus
483 4806 534 4879 qui
550 4805 632 4862 audit
644 4811 672 4862 et
686 4804 756 4879 legit
770 4807 858 4862 verba
868 4805 935 4864 libri
990 4806 1188 4884 prevalebunt
1202 4807 1342 4865 adversus
1356 4823 1421 4867 eam
1433 4807 1537 4882 (terit.
1554 4807 1621 4888 xvi).
1639 4828 1650 4861 ι

100 4899 203 4971 bajus,
221 4921 235 4950 a
253 4897 391 4955 continuo
416 4894 551 4968 adjunxit
567 4911 573 4951 :
591 4917 605 4948 u
621 4899 650 4951 et
666 4898 762 4952 servat
776 4911 810 4952 ea
826 4911 889 4969 qus
904 4895 935 4954 in

151 1829 288 1882 Mentibus
304 1828 386 1879 instat
404 1842 488 1888 anaor,
504 1829 672 1880 sermonibus
691 1831 786 1880 aestuat
799 1827 887 1880 ardor.
950 1825 974 1890 B

273 5731 405 5799 Parcet.
427 5729 562 5800 extiti
