4018 6178
99 366 152 427 tce
718 363 895 426 ilOMlblAE
918 363 968 424 DE
989 362 1189 424 TEMPORE.
1744 365 1803 425 ΗΟ

96 498 135 553 tia
148 497 262 554 decima
276 497 324 554 die
340 495 501 555 nativitatis
514 495 593 571 magi
608 495 766 553 oboriente
781 499 923 552 venerunt
938 497 965 564 Α
981 511 1037 567 εεε
1053 494 1082 549 ιε
1099 499 1187 562 torre,
1203 493 1254 550 scd
1271 509 1323 566 per
1343 509 1410 550 aera
1431 493 1624 562 discurrebat,
1650 501 1683 552 ut
1703 495 1806 554 duret

97 585 336 660 Hierosolymam.
977 583 1246 657 praeviamagcrum
1256 583 1394 656 usquead
1405 586 1506 639 natum
1518 599 1642 656 puerum
1653 589 1740 641 esset.
1750 585 1806 642 Sed

130 699 142 726 ιι
158 675 310 732 Diceates:
327 675 381 732 Ubi
393 679 439 731 est
449 674 499 747 qui
508 679 596 732 natus
605 679 650 731 εει
662 676 721 732 Rex
734 675 748 730 l
754 673 922 732 udaeorumi
978 689 1073 745 neque
1089 677 1175 729 antea
1192 672 1283 728 luisse
1299 671 1437 740 creditur,
1449 689 1543 746 neque
1558 677 1659 746 postea
1673 689 1807 746 perman·

98 789 110 816 ιι
125 763 260 821 Vidimus
273 764 353 822 enim
364 763 480 822 stellam
491 765 556 837 ejus
567 764 597 820 in
611 765 732 832 oricula,
745 767 774 820 el
787 763 921 820 venimus
977 760 1063 830 sisse,
1076 761 1125 818 sed
1135 778 1202 818 curn
1217 777 1310 817 novus
1321 760 1410 816 bomo
1420 765 1507 817 natus
1517 764 1563 817 εει
1572 759 1603 816 ιε
1613 762 1735 831 mundo,
1753 778 1805 820 uo·

100 854 246 912 «adorare
265 870 345 910 eum.
358 875 372 904 ιι
388 853 424 910 ct
438 853 511 910 bene
526 853 562 910 ab
577 852 687 910 oriente
700 851 856 910 veniebant
871 849 920 923 qui
975 867 1043 906 rum
1061 849 1144 906 sidus
1159 849 1296 922 apparuit
1309 847 1339 905 in
1351 846 1432 906 ooelo.
1444 849 1550 906 Omnia
1564 849 1643 906 enim
1659 849 1804 908 elementa

98 942 234 1000 orientem
244 941 532 1015 querebant,ipsum
543 940 654 998 scilicet
664 941 700 996 de
710 957 768 1014 quo
779 939 921 1012 scriptum
976 937 1141 997 Creatorem
1165 937 1297 995 suumin
1322 938 1433 995 mundo
1455 937 1572 995 venisse
1593 942 1801 1012 coguoverunt.

99 1038 152 1090 est:
177 1057 191 1082 ιι
207 1034 281 1090 Dcoc
295 1031 350 1100 vir,
375 1031 479 1087 Oriens
500 1047 605 1088 nomen
625 1031 699 1103 ejus,
713 1053 727 1080 ιι
749 1029 919 1086 etiterum:
976 1026 1087 1084 colum
1103 1028 1248 1102 cognouit,
1265 1027 1336 1100 quia
1349 1044 1416 1083 mox
1434 1043 1468 1084 eo
1484 1032 1551 1084 nato
1566 1026 1681 1084 stellam
1696 1044 1802 1086 noram

99 1145 112 1174 ιι
124 1121 257 1178 visitavit
267 1137 322 1178 nos
335 1120 438 1178 Oriens
447 1136 483 1176 ex
497 1119 556 1176 alto
567 1119 641 1192 (luc.
658 1121 689 1188 r).
703 1139 717 1167 ιι
737 1117 800 1174 Νεε
821 1121 919 1174 eutem
976 1115 1074 1184 misit;
1088 1133 1170 1174 mere
1185 1116 1330 1190 cognorit,
1343 1117 1413 1190 quia
1428 1117 1483 1174 sub
1494 1116 1604 1189 plantis
1619 1117 1731 1190 ejusce
1745 1117 1802 1174 cali

99 1227 171 1280 casu,
188 1210 241 1266 sed
257 1207 356 1266 divina
377 1207 595 1281 dispensatione
610 1211 707 1264 actum
724 1209 778 1270 cst,
797 1211 828 1261 ut
842 1204 921 1278 magi
976 1203 1068 1261 cabilc
1084 1204 1208 1278 prebuit
1222 1222 1228 1275 ;
1245 1204 1288 1261 sol
1303 1204 1447 1278 cognovit,
1460 1206 1529 1278 quie
1539 1205 1645 1278 inejus
1655 1211 1748 1263 morte
1759 1223 1805 1266 ra.

99 1315 188 1372 regem
200 1305 306 1356 natum
317 1295 446 1370 primum
458 1295 660 1369 Hierosolymis
671 1297 844 1368 quererent,
855 1311 919 1366 que
976 1293 1039 1351 dios
1055 1294 1101 1351 sui
1117 1293 1239 1350 luminis
1253 1293 1407 1351 abscondit
1418 1310 1430 1348 ει
1443 1311 1514 1351 sarra
1528 1298 1558 1350 et
1571 1292 1684 1368 lapides
1699 1311 1804 1368 cogno-

100 1393 141 1446 est
152 1385 325 1460 metropolis
339 1385 443 1443 civitas
455 1385 634 1454 luteorum,
646 1389 680 1440 ut
691 1382 867 1456 scilicetipsi
878 1381 920 1439 lo·
974 1386 1089 1448 verunt,
1106 1382 1175 1456 quia
1187 1399 1221 1439 eo
1236 1382 1377 1439 moriente
1391 1382 1490 1440 scisse
1505 1387 1588 1451 sunt;
1605 1387 1683 1440 terra
1698 1397 1803 1457 cogno

100 1494 159 1533 cum
172 1474 335 1536 ueritatis
345 1491 363 1530 a
374 1474 484 1532 ludaeis
494 1474 651 1542 discerent,
662 1473 790 1530 etludaei
801 1473 837 1528 ab
848 1471 921 1545 ipsis
975 1471 1026 1539 vit,
1042 1470 1111 1543 quia
1135 1487 1169 1528 ec
1192 1475 1361 1543 resurgente
1383 1471 1558 1527 contremuit
1581 1470 1686 1540 (llctth.
1701 1474 1799 1542 xxvrr).

99 1581 189 1638 regem
198 1581 289 1620 suum
301 1568 404 1622 aetum
415 1563 551 1620 audirent
561 1581 569 1620 :
579 1568 607 1620 et
617 1562 641 1620 ει
651 1579 717 1618 εεει
728 1560 802 1634 ipsis
813 1559 921 1617 adado-
975 1559 1031 1616 Sed
1053 1577 1140 1632 quern
1152 1559 1335 1616 irrationales
1351 1563 1489 1616 creaturae
1504 1563 1712 1632 cognoverunt,
1728 1561 1803 1616 dura

100 1655 218 1710 randum
245 1657 413 1728 pergerent,
432 1650 632 1708 salvarentur:
650 1651 674 1706 ει
690 1654 788 1707 autem
803 1665 922 1724 pergere
975 1653 1004 1704 ct
1019 1647 1110 1704 stulta
1125 1647 1211 1704 corda
1233 1647 1401 1704 iudeorum
1417 1647 1513 1704 adbuc
1527 1665 1586 1706 nou
1610 1652 1800 1722 cognoscunt.

99 1743 213 1810 nollent,
226 1739 443 1800 inexcusabiles
457 1744 566 1798 essent.
578 1739 634 1796 Sed
643 1739 699 1812 ipsi
712 1740 808 1796 locum
820 1739 922 1794 nativi·
975 1737 1032 1794 Sed
1048 1735 1121 1793 illud
1146 1736 1430 1810 pretermittendum
1454 1753 1513 1793 aon
1529 1741 1584 1806 est,
1600 1737 1670 1810 quia
1683 1737 1803 1795 luerunt

99 1826 921 1900 tetiseasuislibrisalilsostenderuntsedtanquemstulti
938 1869 960 1936 B
976 1825 1205 1882 Priscillianiste
1220 1825 1358 1894 haeretici,
1375 1825 1425 1898 qui
1445 1825 1582 1882 dixerunt
1603 1842 1801 1900 unumquem-

100 1920 196 1978 etceci
205 1921 235 1976 in
246 1918 375 1976 tenebris
386 1922 622 1992 permanserunt.
636 1917 773 1989 Factique
784 1920 854 1972 εεει
863 1915 922 1973 illis
976 1932 1032 1988 que
1047 1915 1196 1972 hominem
1208 1915 1263 1970 sub
1276 1915 1335 1972 ιειε
1346 1912 1499 1971 stellarum
1511 1915 1602 1983 nasci,
1612 1913 1666 1971 hoo
1677 1915 1707 1970 in
1717 1915 1801 1987 adju-

99 2008 177 2082 quasi
196 2007 312 2082 lapides
326 2007 355 2062 ιε
380 2006 516 2064 milliario
531 2004 581 2079 qui
607 2005 814 2062 itinerantibus
843 2005 920 2060 viam
976 2005 1083 2060 lorium
1100 2003 1146 2060 sui
1161 2003 1267 2060 erroris
1282 2021 1433 2062 assumere
1447 2003 1587 2075 volentes,
1602 2004 1673 2077 quie
1687 2021 1755 2061 mox
1769 2009 1803 2061 ut

99 2098 265 2165 ostendunt,
282 2095 334 2154 sed
343 2101 441 2152 tamen
451 2095 494 2151 eis
503 2093 778 2168 pertranseuntibus
787 2092 885 2150 stolidi
893 2096 922 2148 et
975 2092 1118 2150 Dominus
1133 2097 1221 2150 natus
1236 2096 1291 2159 est,
1306 2095 1371 2165 ejus
1383 2091 1468 2150 stella
1482 2093 1513 2148 ia
1529 2092 1639 2150 edente
1653 2093 1801 2166 apparuit.

97 2185 262 2244 immobiles
277 2187 450 2258 permaneat
462 2201 469 2252 3
480 2183 649 2256 itaquidem
659 2186 689 2239 et
702 2181 794 2240 iudai
807 2181 872 2238 aliis
882 2180 924 2236 lo·
975 2179 1087 2248 ouibus
1107 2198 1123 2236 ε
1147 2181 1260 2238 diverso
1276 2198 1329 2238 uos
1344 2182 1557 2254 respondemus
1572 2169 1715 2255 quianon
1730 2198 1803 2255 puer
1853 2193 1866 2222 ι’

97 2291 161 2330 εεει
176 2273 340 2330 εειιειιειιε
361 2270 468 2330 Christi
484 2271 686 2344 ostenderunt,
697 2271 748 2327 sed
765 2271 795 2328 in
811 2287 843 2327 ee
857 2275 922 2328 stu·
975 2272 1012 2326 ad
1028 2269 1155 2340 stollam,
1180 2272 1231 2326 sed
1246 2270 1331 2327 stella
1345 2271 1381 2326 sd
1406 2286 1530 2344 puerum
1546 2271 1642 2328 uenit:
1662 2271 1686 2328 si
1703 2272 1802 2329 liceret

95 2363 152 2435 pidi
168 2366 386 2419 remanserunt.
403 2360 470 2425 Dua
492 2363 591 2417 autem
612 2359 660 2416 bio
675 2360 712 2416 ab
738 2359 922 2433 Evangelista
976 2359 1033 2417 dici
1045 2359 1211 2429 ullomodo,
1220 2359 1315 2434 magis
1324 2360 1608 2433 puerlatumstcllre,
1618 2377 1708 2434 quam
1718 2360 1803 2418 stella

95 2450 405 2523 Hierosolymavoceta
420 2453 473 2518 cst,
490 2449 554 2522 ipsa
568 2454 613 2505 est
628 2448 730 2508 civitas
744 2467 808 2522 qua
822 2467 840 2504 a
853 2449 921 2506 Sem
976 2450 1068 2506 fatum
1092 2450 1174 2522 pueri
1190 2451 1367 2506 crederetur.
1387 2450 1529 2507 Dicebant
1543 2454 1641 2508 sutem
1657 2449 1736 2524 quod
1751 2451 1802 2526 qui

95 2539 153 2595 tilio
166 2540 227 2596 Noe
237 2537 390 2606 edificata,
403 2539 532 2611 primum
546 2539 624 2594 dicta
637 2542 683 2594 eet
697 2537 805 2604 Salem,
820 2544 922 2611 postca
976 2539 1032 2596 sub
1043 2539 1126 2612 signo
1144 2539 1339 2596 nascebantur
1350 2538 1452 2606 Libra,
1473 2540 1628 2613 trapezitas
1643 2555 1708 2598 esse
1722 2540 1803 2596 lutu-

93 2644 157 2684 rero
173 2631 294 2700 propter
307 2625 487 2684 habitatores
502 2627 703 2684 lebusaorum
719 2627 864 2700 appellata
877 2631 922 2686 est
976 2645 1035 2699 ros,
1060 2625 1194 2700 plurime
1219 2631 1316 2684 autem
1341 2631 1443 2701 gentes
1466 2633 1546 2699 sunt,
1561 2643 1625 2702 qua
1645 2628 1802 2702 trapezitae

94 2716 195 2774 iebus.
212 2715 294 2772 Unde
313 2718 343 2771 et
359 2733 391 2772 sa
409 2715 749 2789 utrisquccompositum
762 2720 921 2774 estuomen
976 2733 1034 2774 non
1049 2717 1167 2783 habent,
1183 2721 1323 2772 ettamen
1349 2717 1404 2773 sub
1419 2717 1520 2774 ecdem
1543 2717 1627 2790 signo
1647 2716 1733 2773 multi
1748 2716 1811 2775 ho·'

95 2807 157 2877 ejus
172 2803 349 2862 Jerusalem.
366 2804 559 2877 Temporibus
574 2821 640 2862 vero
654 2804 818 2862 Salomonis
833 2806 920 2880 regis,
977 2806 1082 2872 minos,
1099 2803 1175 2862 sieut
1189 2805 1219 2860 ιε
1239 2805 1305 2862 ειιιε
1328 2805 1506 2879 regionibus,
1532 2809 1702 2862 nascuntur.
1718 2805 1801 2862 Dice·

94 2895 158 2966 ejus
182 2892 329 2966 sapientia
342 2897 371 2950 ct
385 2893 488 2950 decore
513 2891 648 2966 ampliori
663 2892 772 2950 bonore
785 2893 920 2963 exaltata,
975 2895 1048 2953 bant
1062 2895 1151 2951 etiam
1175 2909 1225 2950 coe
1247 2893 1298 2966 εει
1314 2895 1369 2950 sub
1393 2894 1477 2968 signo
1500 2893 1620 2966 Aquarii
1640 2893 1800 2952 nasceban-

96 2983 173 3038 diota
187 2986 232 3038 est
245 2981 455 3056 Hierosolyma,
469 2981 554 3054 quasi
565 2981 823 3041 hierosolomonia.
841 2984 922 3042 Unde
976 2988 1025 3039 tur
1039 2984 1199 3055 piscatores
1222 2999 1286 3040 csse
1307 2983 1431 3052 tuturos,
1446 2999 1514 3039 eum
1529 2983 1593 3040 sine
1611 2983 1700 3040 dubio
1716 2981 1802 3040 multi

97 3071 217 3143 quidam
233 3070 423 3138 metricorum
434 3070 493 3127 cit:
510 3095 523 3122 ιι
536 3071 621 3129 Hiero
632 3089 719 3145 quem
730 3072 831 3146 genuit
845 3071 923 3130 Sato-
976 3071 1111 3128 homiues
1124 3071 1179 3127 sub
1192 3072 1293 3128 eodem
1304 3071 1408 3140 sidere,
1421 3071 1537 3127 sicutin
1553 3071 1665 3129 ceteris
1680 3071 1805 3146 regioni·

99 3159 197 3215 monia
210 3175 317 3234 regem.
333 3183 348 3210 ιι
364 3159 745 3235 Suisquoqueverbismagi
755 3179 823 3218 eum
834 3178 921 3235 quern
978 3161 1044 3228 bus,
1073 3167 1239 3229 nascautur,
1266 3159 1316 3231 qui
1340 3159 1499 3232 piscatores
1514 3176 1572 3216 uon
1587 3163 1667 3217 sunt.
1683 3160 1758 3216 Nam
1773 3160 1803 3216 in

97 3247 275 3318 querebant.
291 3246 443 3304 bominem
459 3264 556 3322 regem
566 3249 733 3322 pariterque
748 3250 840 3306 Deum
856 3235 959 3306 sate-C
978 3248 1100 3306 Francia
1114 3247 1367 3322 plurimarumque
1389 3247 1521 3320 gentium
1544 3248 1653 3322 regnis,
1669 3263 1753 3322 reges
1768 3264 1804 3305 ex

99 3334 214 3391 bantur.
242 3335 397 3392 Dominam
422 3337 530 3410 quippe
559 3355 688 3410 quarere
703 3356 733 3396 se
752 3339 922 3406 ostendunt,
976 3339 1088 3412 origine
1099 3337 1255 3394 succedere
1266 3335 1372 3405 solent,
1383 3341 1412 3394 ει
1426 3336 1526 3394 εειιεε
1536 3336 1652 3411 ignorat
1662 3337 1732 3410 quia
1746 3336 1802 3394 sub

100 3439 164 3480 cum
193 3423 312 3482 dicunt:
331 3447 345 3476 ιι
363 3423 417 3482 Ubi
441 3430 488 3482 εει
510 3425 561 3499 εει
587 3432 676 3484 εειεε
694 3427 760 3484 est‘l
775 3450 789 3478 ιι
812 3444 922 3502 regem,
976 3429 1078 3485 eodem
1094 3426 1177 3499 signo
1193 3430 1220 3482 et
1235 3425 1337 3482 eadem
1358 3425 1431 3482 hora
1445 3442 1503 3498 qua
1518 3422 1596 3482 lilius
1611 3426 1688 3500 regis
1704 3425 1803 3484 nasci·

101 3526 165 3567 cum
180 3514 375 3588 subjungunt,
391 3537 405 3564 ιι
423 3531 473 3570 res
487 3513 667 3572 iudeorum.
683 3539 697 3566 ιι
722 3517 924 3589 llumdemqus
976 3521 1034 3584 tur,
1047 3515 1132 3572 multi
1147 3533 1181 3572 ea
1197 3515 1294 3572 servili
1308 3514 1475 3572 conditione
1485 3515 1515 3571 in
1526 3516 1628 3572 eodem
1642 3531 1731 3590 regno
1747 3514 1803 3572 sub

102 3598 190 3656 Deum
205 3619 267 3658 esse
281 3603 469 3660 confitentur.
482 3621 549 3660 curn
563 3604 745 3676 subjiciunt:
762 3627 776 3654 ιι
788 3603 924 3661 Vidimus
977 3605 1079 3664 codem
1092 3605 1187 3661 sidere
1203 3605 1373 3670 nascuntur,
1385 3610 1414 3661 et
1429 3609 1528 3662 tamen
1543 3603 1622 3661 illius
1636 3605 1724 3678 regis,
1735 3620 1803 3660 cum

105 3687 176 3744 enim
193 3689 306 3748 stellam
331 3693 396 3764 ejus
410 3691 441 3748 iu
465 3691 588 3765 oriente,
604 3697 632 3750 ει
653 3693 788 3750 venimus
803 3695 924 3750 adorare
978 3694 1097 3751 adultus
1113 3694 1209 3762 luerit,
1225 3693 1307 3767 regni
1320 3693 1461 3769 dignitate
1475 3692 1662 3763 sublimatur,
1679 3705 1747 3752 cum
1760 3691 1803 3749 illi

106 3792 177 3834 eura.
190 3801 204 3830 ιι
220 3780 273 3836 Scd
285 3781 360 3838 torte
372 3781 476 3854 querit
486 3780 666 3854 aliquisque
677 3781 733 3838 ista
744 3783 782 3838 sit
793 3781 924 3838 differeri-
978 3785 1028 3856 qui
1039 3799 1106 3840 cum
1121 3801 1154 3840 co
1170 3783 1229 3838 nati
1245 3788 1315 3839 sunt
1329 3799 1423 3855 usque
1437 3783 1474 3839 ad
1490 3787 1613 3840 mortem
1624 3782 1655 3838 in
1665 3781 1804 3842 servitute

108 3863 154 3932 tia,
177 3873 209 3923 ut
231 3867 326 3943 magis
350 3869 380 3926 iu
396 3869 504 3928 oriente
527 3869 689 3928 nativitatis
707 3871 823 3926 Domini
839 3871 926 3928 index
978 3875 1177 3946 permaneant.
1203 3872 1258 3928 Sed
1284 3888 1320 3928 ae
1339 3888 1427 3944 parve
1441 3871 1502 3928 bec
1516 3872 1553 3928 ad
1569 3871 1805 3930 priscillianista-

110 3953 339 4030 slellaapparuit,
351 3975 418 4016 cum
430 3957 840 4031 angelusiuludeaeamdem
853 3959 927 4016 nati·
979 3978 1044 4018 rum
1060 3960 1194 4018 heresim
1218 3962 1428 4018 destruendam
1443 3961 1607 4030 rideantur,
1623 3957 1712 4018 etiem
1727 3961 1815 4018 Scri·

110 4040 218 4100 ritatem
232 4045 401 4119 pastoribus
411 4047 597 4104 nuntiaverit.
608 4048 650 4104 Ad
662 4049 739 4123 qued
750 4049 934 4122 respondens
979 4055 1071 4124 pturae
1095 4067 1194 4110 sacra.
1209 4049 1413 4107 auctoritatem
1438 4050 1642 4108 adhibeamus.
1668 4050 1805 4123 Legimus

112 4127 174 4186 dum
188 4137 239 4202 est,
255 4134 456 4208 quiadiguum
470 4135 524 4192 luit
534 4140 567 4191 ει
581 4137 759 4208 pastoribus,
772 4138 822 4210 qui
833 4139 925 4195 lsrae·
979 4139 1057 4196 enim
1068 4139 1137 4212 quia
1149 4155 1207 4196 uus
1216 4139 1378 4212 cademque
1389 4138 1471 4208 hora,
1484 4155 1518 4196 ex
1530 4139 1635 4196 iisdem
1643 4138 1805 4195 viscoribus

112 4212 162 4272 lite
185 4237 262 4279 erant
277 4228 306 4280 et
329 4222 423 4281 Deum
439 4223 502 4281 coeli
526 4226 750 4298 cognoscebant,
776 4225 926 4284 rationalis
980 4229 1217 4285 Rebecca‘mater
1240 4229 1314 4286 dues
1330 4227 1406 4284 filios
1431 4228 1545 4296 babuit,
1560 4229 1637 4284 Dsau
1652 4225 1762 4284 scilicet
1777 4231 1806 4282 et

110 4311 242 4380 creatura,
258 4312 287 4368 id
303 4316 350 4369 est
364 4312 486 4386 angelus
497 4319 659 4386 appareret,
672 4313 723 4387 qui
738 4332 788 4372 eos
802 4316 837 4372 de
851 4315 925 4372 nnti-
979 4317 1078 4386 laceb,
1090 4321 1119 4373 ct
1134 4321 1232 4373 tamen
1241 4333 1319 4372 unus
1330 4315 1449 4382 electus,
1461 4315 1610 4374 altervero
1621 4315 1804 4387 reprobatus,

109 4391 190 4451 ritate
198 4399 307 4456 Domini
316 4399 592 4475 instruerct3magis
602 4419 680 4471 vero,
688 4407 828 4476 tanquam
836 4403 928 4478 genti·
981 4406 1096 4464 dicente
1110 4405 1252 4462 Domino:
1272 4429 1282 4455 ι
1301 4404 1391 4462 Jacob
1409 4403 1505 4473 dilexi,
1529 4404 1607 4460 Dsau
1626 4407 1724 4460 autem
1740 4401 1806 4460 odio

109 4479 181 4541 Ubus
191 4489 928 4559 strationecarcntibus,irrationaliscreaturaetella
980 4496 1070 4555 habui
1085 4497 1170 4570 (Rom.
1184 4497 1232 4564 rx).
1249 4517 1264 4544 ιι
1279 4492 1309 4551 Si
1333 4497 1432 4550 autem
1448 4493 1542 4550 latum
1556 4495 1645 4560 esset,
1660 4495 1712 4549 eut
1728 4495 1809 4550 uter·

109 4581 261 4648 appareret,
278 4596 343 4652 qua
360 4577 479 4636 insolito
500 4579 611 4653 lulgore
626 4595 785 4638 coruscans
799 4581 829 4638 ιε
844 4582 926 4652 coelo,
943 4605 966 4672 D
982 4584 1168 4660 queclectus,
1179 4583 1640 4656 eututerquecssetrcprobatus.
1651 4581 1809 4654 Dsquibus

109 4675 203 4733 regern
216 4666 277 4724 eceli
294 4667 324 4725 iu
340 4668 426 4725 terris
441 4672 543 4726 natum
559 4669 736 4736 ostenderet,
750 4673 778 4726 et
792 4671 833 4728 ita
847 4672 928 4729 heret
982 4675 1120 4733 omnibus
1135 4671 1350 4746 cognoscimus,
1369 4671 1439 4745 quie
1456 4687 1514 4728 non
1526 4670 1622 4728 latetis
1637 4669 1809 4737 accidentia,

109 4753 140 4802 ut
153 4757 181 4806 et
191 4752 230 4810 itti
240 4773 291 4828 per
305 4756 456 4830 angelum,
473 4763 502 4814 et
517 4757 565 4814 isti
577 4773 629 4831 per
643 4757 757 4815 stellam
774 4761 926 4829 admoniti,
982 4763 1330 4836 seddivinaprovidentia
1341 4761 1595 4818 hominumvitam
1606 4760 1724 4816 ordinat
1734 4774 1810 4831 aque

20 4861 21 4866 ¹
110 4837 143 4892 ed
158 4843 324 4916 angularem
339 4845 638 4919 lapidemcurrercnt,
655 4852 684 4902 ει
698 4865 733 4904 ex
744 4853 866 4922 utroquo
881 4866 929 4923 po·
983 4852 1130 4926 disponit3
1147 4852 1198 4910 aed
1219 4851 1315 4908 solent
1329 4851 1366 4906 ad
1382 4849 1443 4906 heo
1463 4848 1662 4906 mathematici
1685 4847 1811 4922 objicere

110 4927 277 4997 Du¹⁰1lnum
292 4935 436 5009 parictem
448 4936 586 5006 iacerent,
603 4936 639 4992 ab
655 4935 704 4992 illo
714 4939 876 5010 conjuncti,
894 4939 930 4994 dc
984 4943 1054 5015 quia
1069 4940 1250 4998 constellatio
1266 4939 1361 4996 latetis
1374 4940 1403 4995 in
1421 4939 1480 4995 ictu
1492 4938 1651 5012 pungentis
1666 4938 1726 4994 ssat.
1743 4936 1812 5007 Qui-

111 5031 166 5086 que
181 5019 219 5076 ait
232 5023 389 5098 Apostolus
402 5040 408 5078 ε
422 5047 435 5074 ιι
450 5025 514 5098 Ιρεε
526 5030 572 5081 εει
585 5041 641 5097 pax
663 5029 773 5094 nostru,
796 5028 846 5099 qui
863 5029 931 5084 lecit
984 5031 1040 5088 bus
1055 5047 1109 5087 nos
1120 5029 1281 5086 econtrario
1296 5028 1510 5101 respondemus
1527 5030 1596 5102 quia
1606 5027 1693 5085 bomo
1711 5043 1769 5084 non
1781 5027 1812 5082 in

112 5109 228 5182 utreque
242 5129 345 5180 uuum,
361 5116 390 5169 ει
401 5112 529 5170 medium
541 5114 682 5187 parietem
698 5115 853 5189 copulavit,
871 5116 929 5174 dis·
985 5120 1045 5176 ictu
1061 5118 1202 5186 nascitur,
1217 5119 1267 5175 scd
1281 5117 1419 5174 nascendi
1436 5134 1533 5173 merus
1549 5114 1814 5191 agrestarum

110 5193 216 5255 solvens
231 5201 404 5259 iuimicitias
420 5203 451 5260 iu
466 5208 666 5271 carnesua,et
681 5206 934 5280 veniensevange·
989 5209 1168 5266 credendum
1189 5210 1276 5274 esset,
1294 5210 1337 5263 tot
1360 5212 1534 5280 cogerentur
1557 5206 1634 5263 credi
1662 5206 1722 5263 iata
1745 5208 1817 5278 quot

114 5278 204 5343 tizam
229 5308 332 5364 pacem
360 5290 407 5348 his
437 5291 487 5366 qui
515 5291 600 5367 louge
622 5297 650 5348 ει
677 5294 727 5366 εει
751 5311 840 5367 prope
866 5299 936 5352 sunt
990 5303 1061 5356 sunt
1088 5295 1217 5354 hominis
1246 5295 1388 5352 membra.
1413 5296 1475 5352 Nou
1504 5311 1573 5371 ergo
1597 5293 1682 5354 stella
1706 5293 1816 5369 quein

117 5369 214 5444 (Ephe,
228 5381 279 5454 rr.)
297 5403 311 5431 ιι
327 5381 383 5437 Sed
393 5381 467 5439 torte
476 5380 636 5456 interrogat
646 5382 752 5456 aliquis
765 5387 864 5440 utrum
875 5383 937 5441 hac
990 5388 1100 5444 oriente
1116 5385 1254 5459 apparuit
1268 5389 1370 5441 netum
1387 5400 1510 5458 puerum
1533 5383 1644 5460 aliquid
1660 5384 1748 5457 juvit,
1765 5382 1817 5440 scd

116 5461 197 5520 stella
210 5467 321 5528 incaelo
347 5469 460 5527 sidereo
476 5475 669 5543 permaneret,
683 5471 760 5528 siout
774 5476 802 5528 et
816 5475 936 5540 cetera,
990 5475 1133 5532 indicium
1150 5473 1370 5543 nasccntisfuit,
1383 5479 1469 5547 atpue
1480 5491 1534 5532 sua
1543 5474 1744 5531 coruscatione
1754 5489 1817 5528 ma-

115 5548 156 5605 rel
174 5571 222 5628 por
240 5575 337 5616 acrem
359 5575 397 5615 an
413 5575 464 5632 per
477 5563 586 5616 terram
601 5558 789 5617 discurreret.
804 5561 843 5618 td
859 5563 937 5636 quod
991 5581 1095 5638 goram
1116 5566 1230 5620 mentes
1245 5564 1282 5620 ad
1297 5563 1488 5636 quarendum
1503 5577 1571 5619 eum
1587 5560 1636 5635 εει
1653 5566 1739 5618 εειεε
1754 5559 1817 5616 lue·

117 5639 348 5724 dicendumquie
358 5664 452 5726 neque
467 5647 496 5707 ιε
512 5648 582 5710 coslo
597 5649 711 5712 sidereo
727 5650 784 5712 fisa
798 5655 871 5724 crat,
888 5669 937 5713 ne·
991 5657 1037 5730 rat
1050 5651 1237 5714 illuminavit.
1254 5651 1435 5718 Forteetiam
1450 5651 1554 5732 querit
1567 5649 1684 5730 aliquis,
1701 5648 1751 5726 qui
1766 5643 1816 5708 isti
