<?xml version="1.0" encoding="UTF-8"?>
<!DOCTYPE html PUBLIC "-//W3C//DTD XHTML 1.0 Transitional//EN"
    "http://www.w3.org/TR/xhtml1/DTD/xhtml1-transitional.dtd">
<html xmlns="http://www.w3.org/1999/xhtml" xml:lang="en" lang="en">
 <head>
  <title>
</title>
<meta http-equiv="Content-Type" content="text/html;charset=utf-8" />
  <meta name='ocr-system' content='tesseract 3.04.00' />
  <meta name='ocr-capabilities' content='ocr_page ocr_carea ocr_par ocr_line ocrx_word'/>
</head>
<body>
  <div class='ocr_page' id='page_1' title='image "./patrologiaecurs109unkngoog_0259.png"; bbox 0 0 3950 6174; ppageno 0'>
   <div class='ocr_carea' id='block_1_1' title="bbox 224 299 1895 382">
    <p class='ocr_par' dir='ltr' id='par_1_1' title="bbox 224 299 1895 382">
     <span class='ocr_line' id='line_1_1' title="bbox 224 299 1895 382; baseline 0.007 -16"><span class='ocrx_word' id='word_1_1' title='bbox 224 301 280 366; x_wconf 69' lang='grc' dir='ltr'><strong>5οἰ</strong></span> <span class='ocrx_word' id='word_1_2' title='bbox 506 299 713 367; x_wconf 73' lang='lat' dir='ltr'><strong>sarnatus</strong></span> <span class='ocrx_word' id='word_1_3' title='bbox 735 302 1004 368; x_wconf 76' lang='lat' dir='ltr'><strong>nnusaasrntt</strong></span> <span class='ocrx_word' id='word_1_4' title='bbox 1025 299 1150 369; x_wconf 72' lang='lat' dir='ltr'><strong>belsa</strong></span> <span class='ocrx_word' id='word_1_5' title='bbox 1175 305 1260 368; x_wconf 81' lang='lat' dir='ltr'><strong>OPl’.</strong></span> <span class='ocrx_word' id='word_1_6' title='bbox 1286 306 1385 370; x_wconf 81' lang='lat' dir='ltr'><strong>PARS</strong></span> <span class='ocrx_word' id='word_1_7' title='bbox 1407 304 1447 370; x_wconf 88' lang='lat' dir='ltr'><strong>ll.</strong></span> <span class='ocrx_word' id='word_1_8' title='bbox 1462 338 1501 353; x_wconf 97' lang='lat'><em>-</em></span> <span class='ocrx_word' id='word_1_9' title='bbox 1516 302 1646 372; x_wconf 84' lang='lat' dir='ltr'><strong>nulllt.</strong></span> <span class='ocrx_word' id='word_1_10' title='bbox 1849 316 1895 382; x_wconf 82' lang='lat' dir='ltr'><strong>tut</strong></span> 
     </span>
    </p>
   </div>
   <div class='ocr_carea' id='block_1_2' title="bbox 107 431 1949 2380">
    <p class='ocr_par' dir='ltr' id='par_1_2' title="bbox 107 431 1949 2380">
     <span class='ocr_line' id='line_1_2' title="bbox 222 431 1895 524; baseline 0.005 -29"><span class='ocrx_word' id='word_1_11' title='bbox 222 439 298 507; x_wconf 91' lang='lat' dir='ltr'><strong>tum,</strong></span> <span class='ocrx_word' id='word_1_12' title='bbox 316 453 368 524; x_wconf 77' lang='lat' dir='ltr'><strong>nep</strong></span> <span class='ocrx_word' id='word_1_13' title='bbox 385 437 504 512; x_wconf 89' lang='lat' dir='ltr'><strong>propter</strong></span> <span class='ocrx_word' id='word_1_14' title='bbox 518 433 613 510; x_wconf 88' lang='lat' dir='ltr'><strong>turpis</strong></span> <span class='ocrx_word' id='word_1_15' title='bbox 627 433 700 498; x_wconf 84' lang='lat' dir='ltr'><strong>lucri</strong></span> <span class='ocrx_word' id='word_1_16' title='bbox 714 433 925 510; x_wconf 75' lang='lat' dir='ltr'><strong>questumsed</strong></span> <span class='ocrx_word' id='word_1_17' title='bbox 936 437 1050 492; x_wconf 87' lang='lat' dir='ltr'><strong>tautum</strong></span> <span class='ocrx_word' id='word_1_18' title='bbox 1065 431 1094 504; x_wconf 77' lang='grc' dir='ltr'><strong>Α</strong></span> <span class='ocrx_word' id='word_1_19' title='bbox 1108 441 1210 510; x_wconf 79' lang='lat' dir='ltr'><strong>genter</strong></span> <span class='ocrx_word' id='word_1_20' title='bbox 1224 455 1255 495; x_wconf 90' lang='lat' dir='ltr'><strong>se</strong></span> <span class='ocrx_word' id='word_1_21' title='bbox 1270 455 1287 494; x_wconf 92' lang='lat' dir='ltr'><strong>n</strong></span> <span class='ocrx_word' id='word_1_22' title='bbox 1301 434 1428 511; x_wconf 87' lang='lat' dir='ltr'><strong>peccatis</strong></span> <span class='ocrx_word' id='word_1_23' title='bbox 1451 435 1589 496; x_wconf 77' lang='lat' dir='ltr'><strong>custodit.</strong></span> <span class='ocrx_word' id='word_1_24' title='bbox 1613 436 1658 496; x_wconf 87' lang='lat' dir='ltr'><strong>Sic</strong></span> <span class='ocrx_word' id='word_1_25' title='bbox 1680 455 1746 514; x_wconf 88' lang='lat' dir='ltr'><strong>ergo</strong></span> <span class='ocrx_word' id='word_1_26' title='bbox 1764 440 1895 504; x_wconf 86' lang='lat' dir='ltr'><strong>timeamus</strong></span> 
     </span>
     <span class='ocr_line' id='line_1_3' title="bbox 221 523 1894 604; baseline 0.002 -20"><span class='ocrx_word' id='word_1_27' title='bbox 221 531 341 602; x_wconf 85' lang='lat' dir='ltr'><strong>propter</strong></span> <span class='ocrx_word' id='word_1_28' title='bbox 356 525 459 594; x_wconf 87' lang='lat' dir='ltr'><strong>Deum,</strong></span> <span class='ocrx_word' id='word_1_29' title='bbox 476 523 543 600; x_wconf 88' lang='lat' dir='ltr'><strong>quis</strong></span> <span class='ocrx_word' id='word_1_30' title='bbox 555 542 609 582; x_wconf 92' lang='lat' dir='ltr'><strong>nos</strong></span> <span class='ocrx_word' id='word_1_31' title='bbox 624 523 719 594; x_wconf 87' lang='lat' dir='ltr'><strong>docet,</strong></span> <span class='ocrx_word' id='word_1_32' title='bbox 745 525 856 582; x_wconf 90' lang='lat' dir='ltr'><strong>dicens:</strong></span> <span class='ocrx_word' id='word_1_33' title='bbox 880 547 894 575; x_wconf 85' lang='grc' dir='ltr'><strong>ιι</strong></span> <span class='ocrx_word' id='word_1_34' title='bbox 911 523 1019 580; x_wconf 88' lang='lat' dir='ltr'><strong>Discite</strong></span> <span class='ocrx_word' id='word_1_35' title='bbox 1036 541 1053 579; x_wconf 91' lang='lat' dir='ltr'><strong>a</strong></span> <span class='ocrx_word' id='word_1_36' title='bbox 1107 526 1211 598; x_wconf 88' lang='lat' dir='ltr'><strong>Deum,</strong></span> <span class='ocrx_word' id='word_1_37' title='bbox 1224 531 1257 584; x_wconf 93' lang='lat' dir='ltr'><strong>ut</strong></span> <span class='ocrx_word' id='word_1_38' title='bbox 1272 526 1432 601; x_wconf 77' lang='lat' dir='ltr'>diligamus</span> <span class='ocrx_word' id='word_1_39' title='bbox 1448 543 1515 584; x_wconf 92' lang='lat' dir='ltr'><strong>eum</strong></span> <span class='ocrx_word' id='word_1_40' title='bbox 1532 525 1725 602; x_wconf 83' lang='lat' dir='ltr'><strong>quisperiecta</strong></span> <span class='ocrx_word' id='word_1_41' title='bbox 1737 531 1894 604; x_wconf 78' lang='lat' dir='ltr'><strong>esteharitns,</strong></span> 
     </span>
     <span class='ocr_line' id='line_1_4' title="bbox 223 612 1949 690; baseline 0 -16"><span class='ocrx_word' id='word_1_42' title='bbox 223 633 271 674; x_wconf 86' lang='lat' dir='ltr'><strong>me</strong></span> <span class='ocrx_word' id='word_1_43' title='bbox 286 616 357 690; x_wconf 87' lang='lat' dir='ltr'><strong>quia</strong></span> <span class='ocrx_word' id='word_1_44' title='bbox 371 615 454 672; x_wconf 87' lang='lat' dir='ltr'><strong>mitis</strong></span> <span class='ocrx_word' id='word_1_45' title='bbox 470 631 537 672; x_wconf 89' lang='lat' dir='ltr'><strong>sum</strong></span> <span class='ocrx_word' id='word_1_46' title='bbox 553 619 582 672; x_wconf 85' lang='lat' dir='ltr'><strong>ct</strong></span> <span class='ocrx_word' id='word_1_47' title='bbox 596 612 720 672; x_wconf 88' lang='lat' dir='ltr'><strong>humilis</strong></span> <span class='ocrx_word' id='word_1_48' title='bbox 734 615 830 685; x_wconf 88' lang='lat' dir='ltr'><strong>corde,</strong></span> <span class='ocrx_word' id='word_1_49' title='bbox 855 616 883 670; x_wconf 90' lang='lat' dir='ltr'><strong>et</strong></span> <span class='ocrx_word' id='word_1_50' title='bbox 898 613 1053 670; x_wconf 83' lang='lat' dir='ltr'><strong>invenietis</strong></span> <span class='ocrx_word' id='word_1_51' title='bbox 1107 632 1171 690; x_wconf 84' lang='lat' dir='ltr'><strong>quae</strong></span> <span class='ocrx_word' id='word_1_52' title='bbox 1189 617 1258 672; x_wconf 85' lang='lat' dir='ltr'><strong>ioris</strong></span> <span class='ocrx_word' id='word_1_53' title='bbox 1274 616 1364 674; x_wconf 89' lang='lat' dir='ltr'><strong>mittit</strong></span> <span class='ocrx_word' id='word_1_54' title='bbox 1379 617 1515 674; x_wconf 88' lang='lat' dir='ltr'><strong>timorem</strong></span> <span class='ocrx_word' id='word_1_55' title='bbox 1530 616 1673 674; x_wconf 85' lang='lat' dir='ltr'><strong>servilem.</strong></span> <span class='ocrx_word' id='word_1_56' title='bbox 1948 635 1949 674; x_wconf 84' lang='lat' dir='ltr'><strong>l</strong></span> 
     </span>
     <span class='ocr_line' id='line_1_5' title="bbox 223 702 1896 780; baseline 0.005 -18"><span class='ocrx_word' id='word_1_57' title='bbox 223 706 355 780; x_wconf 89' lang='lat' dir='ltr'><strong>requiem</strong></span> <span class='ocrx_word' id='word_1_58' title='bbox 370 702 526 762; x_wconf 79' lang='lat' dir='ltr'><strong>animabus</strong></span> <span class='ocrx_word' id='word_1_59' title='bbox 537 703 643 760; x_wconf 88' lang='lat' dir='ltr'><strong>vestris</strong></span> <span class='ocrx_word' id='word_1_60' title='bbox 658 703 762 776; x_wconf 84' lang='lat' dir='ltr'><strong>(liattb.</strong></span> <span class='ocrx_word' id='word_1_61' title='bbox 780 703 836 776; x_wconf 83' lang='lat' dir='ltr'>x1):</span> <span class='ocrx_word' id='word_1_62' title='bbox 855 725 869 752; x_wconf 79' lang='lat' dir='ltr'><strong>u</strong></span> <span class='ocrx_word' id='word_1_63' title='bbox 885 706 914 759; x_wconf 90' lang='lat' dir='ltr'><strong>et</strong></span> <span class='ocrx_word' id='word_1_64' title='bbox 931 706 1050 758; x_wconf 88' lang='lat' dir='ltr'><strong>iterum:</strong></span> <span class='ocrx_word' id='word_1_65' title='bbox 1142 728 1157 755; x_wconf 88' lang='grc' dir='ltr'><strong>ιι</strong></span> <span class='ocrx_word' id='word_1_66' title='bbox 1173 705 1263 773; x_wconf 88' lang='lat' dir='ltr'><strong>Servi,</strong></span> <span class='ocrx_word' id='word_1_67' title='bbox 1280 705 1525 764; x_wconf 89' lang='lat' dir='ltr'><strong>subditiestotcin</strong></span> <span class='ocrx_word' id='word_1_68' title='bbox 1539 705 1896 771; x_wconf 86' lang='lat' dir='ltr'><strong>cmuitimoredcmiuisnon</strong></span> 
     </span>
     <span class='ocr_line' id='line_1_6' title="bbox 223 789 1949 870; baseline 0.005 -21"><span class='ocrx_word' id='word_1_69' title='bbox 223 791 352 854; x_wconf 76' lang='lat' dir='ltr'><strong>«Omnis</strong></span> <span class='ocrx_word' id='word_1_70' title='bbox 365 793 415 868; x_wconf 87' lang='lat' dir='ltr'><strong>qui</strong></span> <span class='ocrx_word' id='word_1_71' title='bbox 430 810 461 850; x_wconf 90' lang='lat' dir='ltr'><strong>se</strong></span> <span class='ocrx_word' id='word_1_72' title='bbox 475 792 611 850; x_wconf 87' lang='lat' dir='ltr'><strong>humiliat</strong></span> <span class='ocrx_word' id='word_1_73' title='bbox 628 795 746 866; x_wconf 90' lang='lat' dir='ltr'><strong>propter</strong></span> <span class='ocrx_word' id='word_1_74' title='bbox 762 790 930 859; x_wconf 89' lang='lat' dir='ltr'><strong>Dominum,</strong></span> <span class='ocrx_word' id='word_1_75' title='bbox 947 789 1053 846; x_wconf 87' lang='lat' dir='ltr'><strong>exaita-</strong></span> <span class='ocrx_word' id='word_1_76' title='bbox 1109 816 1119 844; x_wconf 87' lang='grc' dir='ltr'><strong>ι</strong></span> <span class='ocrx_word' id='word_1_77' title='bbox 1138 797 1255 850; x_wconf 90' lang='lat' dir='ltr'><strong>tantum</strong></span> <span class='ocrx_word' id='word_1_78' title='bbox 1271 794 1355 851; x_wconf 90' lang='lat' dir='ltr'><strong>bouis</strong></span> <span class='ocrx_word' id='word_1_79' title='bbox 1370 799 1399 850; x_wconf 92' lang='lat' dir='ltr'><strong>et</strong></span> <span class='ocrx_word' id='word_1_80' title='bbox 1410 794 1897 870; x_wconf 73' lang='lat' dir='ltr'><strong>modestis,sedetiamdgscoiisllee</strong></span> <span class='ocrx_word' id='word_1_81' title='bbox 1948 841 1949 868; x_wconf 30' lang='grc' dir='ltr'><strong>ι</strong></span> 
     </span>
     <span class='ocr_line' id='line_1_7' title="bbox 222 878 1894 956; baseline -0.001 -14"><span class='ocrx_word' id='word_1_82' title='bbox 222 886 333 942; x_wconf 88' lang='lat' dir='ltr'><strong>bitura</strong></span> <span class='ocrx_word' id='word_1_83' title='bbox 348 883 471 941; x_wconf 90' lang='lat' dir='ltr'><strong>Domino</strong></span> <span class='ocrx_word' id='word_1_84' title='bbox 483 885 559 952; x_wconf 85' lang='lat' dir='ltr'><strong>(Luc.</strong></span> <span class='ocrx_word' id='word_1_85' title='bbox 575 881 665 954; x_wconf 73' lang='lat' dir='ltr'><strong>xnun).</strong></span> <span class='ocrx_word' id='word_1_86' title='bbox 684 903 698 930; x_wconf 77' lang='grc' dir='ltr'><strong>υ</strong></span> <span class='ocrx_word' id='word_1_87' title='bbox 714 911 747 922; x_wconf 88' lang='grc'>-</span> <span class='ocrx_word' id='word_1_88' title='bbox 764 904 777 931; x_wconf 87' lang='grc' dir='ltr'><strong>ιι</strong></span> <span class='ocrx_word' id='word_1_89' title='bbox 794 880 859 937; x_wconf 88' lang='lat' dir='ltr'><strong>Sive</strong></span> <span class='ocrx_word' id='word_1_90' title='bbox 881 879 942 954; x_wconf 88' lang='lat' dir='ltr'><strong>regi</strong></span> <span class='ocrx_word' id='word_1_91' title='bbox 967 878 1052 953; x_wconf 80' lang='lat' dir='ltr'>quasi</span> <span class='ocrx_word' id='word_1_92' title='bbox 1110 902 1121 931; x_wconf 74' lang='grc' dir='ltr'><strong>ι</strong></span> <span class='ocrx_word' id='word_1_93' title='bbox 1137 887 1182 940; x_wconf 86' lang='lat' dir='ltr'><strong>est</strong></span> <span class='ocrx_word' id='word_1_94' title='bbox 1196 881 1274 940; x_wconf 86' lang='lat' dir='ltr'><strong>euim</strong></span> <span class='ocrx_word' id='word_1_95' title='bbox 1290 883 1384 956; x_wconf 89' lang='lat' dir='ltr'><strong>gratia</strong></span> <span class='ocrx_word' id='word_1_96' title='bbox 1398 883 1427 939; x_wconf 88' lang='lat' dir='ltr'><strong>in</strong></span> <span class='ocrx_word' id='word_1_97' title='bbox 1444 882 1558 943; x_wconf 90' lang='lat' dir='ltr'><strong>Christo</strong></span> <span class='ocrx_word' id='word_1_98' title='bbox 1572 883 1640 940; x_wconf 87' lang='lat' dir='ltr'><strong>Jesu</strong></span> <span class='ocrx_word' id='word_1_99' title='bbox 1657 885 1773 942; x_wconf 85' lang='lat' dir='ltr'><strong>Domino</strong></span> <span class='ocrx_word' id='word_1_100' title='bbox 1788 895 1894 945; x_wconf 74' lang='lat' dir='ltr'><strong>nostro..</strong></span> 
     </span>
     <span class='ocr_line' id='line_1_8' title="bbox 222 967 1949 1052; baseline 0.005 -26"><span class='ocrx_word' id='word_1_101' title='bbox 222 997 238 1026; x_wconf 84' lang='grc' dir='ltr'><strong>ιι</strong></span> <span class='ocrx_word' id='word_1_102' title='bbox 254 971 439 1047; x_wconf 75' lang='lat' dir='ltr'><strong>praecellenti,</strong></span> <span class='ocrx_word' id='word_1_103' title='bbox 455 994 468 1021; x_wconf 79' lang='lat' dir='ltr'><strong>n</strong></span> <span class='ocrx_word' id='word_1_104' title='bbox 484 971 557 1034; x_wconf 82' lang='lat' dir='ltr'><strong>Quia</strong></span> <span class='ocrx_word' id='word_1_105' title='bbox 572 969 708 1042; x_wconf 90' lang='lat' dir='ltr'><strong>princeps</strong></span> <span class='ocrx_word' id='word_1_106' title='bbox 724 973 768 1025; x_wconf 87' lang='lat' dir='ltr'><strong>est</strong></span> <span class='ocrx_word' id='word_1_107' title='bbox 783 967 978 1042; x_wconf 77' lang='lat' dir='ltr'><strong>populicum</strong></span> <span class='ocrx_word' id='word_1_108' title='bbox 990 967 1052 1039; x_wconf 86' lang='lat' dir='ltr'><strong>ipse</strong></span> <span class='ocrx_word' id='word_1_109' title='bbox 1107 971 1226 1046; x_wconf 75' lang='lat' dir='ltr'><strong>Propter</strong></span> <span class='ocrx_word' id='word_1_110' title='bbox 1236 972 1285 1029; x_wconf 88' lang='lat' dir='ltr'><strong>Dei</strong></span> <span class='ocrx_word' id='word_1_111' title='bbox 1296 972 1432 1028; x_wconf 88' lang='lat' dir='ltr'><strong>timorem</strong></span> <span class='ocrx_word' id='word_1_112' title='bbox 1447 974 1558 1047; x_wconf 91' lang='lat' dir='ltr'><strong>pariter</strong></span> <span class='ocrx_word' id='word_1_113' title='bbox 1571 977 1600 1030; x_wconf 89' lang='lat' dir='ltr'><strong>et</strong></span> <span class='ocrx_word' id='word_1_114' title='bbox 1614 990 1750 1041; x_wconf 90' lang='lat' dir='ltr'><strong>amorem,</strong></span> <span class='ocrx_word' id='word_1_115' title='bbox 1761 975 1864 1050; x_wconf 86' lang='lat' dir='ltr'><strong>dignum</strong></span> <span class='ocrx_word' id='word_1_116' title='bbox 1877 987 1897 1036; x_wconf 88' lang='lat' dir='ltr'><strong>et</strong></span> <span class='ocrx_word' id='word_1_117' title='bbox 1948 987 1949 1052; x_wconf 68' lang='lat' dir='ltr'><strong>j</strong></span> 
     </span>
     <span class='ocr_line' id='line_1_9' title="bbox 221 1057 1949 1134; baseline -0.001 -14"><span class='ocrx_word' id='word_1_118' title='bbox 221 1061 364 1120; x_wconf 87' lang='lat' dir='ltr'>Dominus</span> <span class='ocrx_word' id='word_1_119' title='bbox 378 1061 407 1116; x_wconf 89' lang='lat' dir='ltr'><strong>in</strong></span> <span class='ocrx_word' id='word_1_120' title='bbox 427 1059 580 1131; x_wconf 73' lang='lat' dir='ltr'><strong>Evangelio</strong></span> <span class='ocrx_word' id='word_1_121' title='bbox 606 1058 747 1115; x_wconf 89' lang='lat' dir='ltr'><strong>honorem</strong></span> <span class='ocrx_word' id='word_1_122' title='bbox 773 1057 904 1115; x_wconf 88' lang='lat' dir='ltr'><strong>debitum</strong></span> <span class='ocrx_word' id='word_1_123' title='bbox 930 1057 1052 1112; x_wconf 79' lang='lat' dir='ltr'><strong>reddere</strong></span> <span class='ocrx_word' id='word_1_124' title='bbox 1103 1060 1219 1130; x_wconf 72' lang='lat' dir='ltr'><strong>iustum</strong></span> <span class='ocrx_word' id='word_1_125' title='bbox 1234 1065 1278 1118; x_wconf 90' lang='lat' dir='ltr'><strong>est</strong></span> <span class='ocrx_word' id='word_1_126' title='bbox 1292 1060 1450 1134; x_wconf 86' lang='lat' dir='ltr'><strong>uuicuique</strong></span> <span class='ocrx_word' id='word_1_127' title='bbox 1473 1061 1585 1118; x_wconf 89' lang='lat' dir='ltr'><strong>homiui</strong></span> <span class='ocrx_word' id='word_1_128' title='bbox 1599 1079 1653 1118; x_wconf 90' lang='lat' dir='ltr'><strong>suo</strong></span> <span class='ocrx_word' id='word_1_129' title='bbox 1669 1063 1781 1120; x_wconf 90' lang='lat' dir='ltr'><strong>domiuo</strong></span> <span class='ocrx_word' id='word_1_130' title='bbox 1800 1066 1898 1124; x_wconf 79' lang='lat' dir='ltr'><strong>fideliter</strong></span> <span class='ocrx_word' id='word_1_131' title='bbox 1948 1107 1949 1118; x_wconf 67' lang='grc'>,</span> 
     </span>
     <span class='ocr_line' id='line_1_10' title="bbox 215 1145 1949 1234; baseline 0.003 -28"><span class='ocrx_word' id='word_1_132' title='bbox 215 1151 310 1223; x_wconf 74' lang='lat' dir='ltr'><strong>iubet,</strong></span> <span class='ocrx_word' id='word_1_133' title='bbox 325 1147 425 1206; x_wconf 87' lang='lat' dir='ltr'><strong>diceus</strong></span> <span class='ocrx_word' id='word_1_134' title='bbox 440 1149 540 1220; x_wconf 76' lang='lat' dir='ltr'><strong>(aaut.</strong></span> <span class='ocrx_word' id='word_1_135' title='bbox 557 1147 641 1218; x_wconf 72' lang='lat' dir='ltr'><strong>xuni:</strong></span> <span class='ocrx_word' id='word_1_136' title='bbox 660 1170 673 1197; x_wconf 83' lang='grc' dir='ltr'><strong>ιι</strong></span> <span class='ocrx_word' id='word_1_137' title='bbox 693 1147 813 1203; x_wconf 80' lang='lat' dir='ltr'><strong>Reddite</strong></span> <span class='ocrx_word' id='word_1_138' title='bbox 830 1163 893 1220; x_wconf 80' lang='lat' dir='ltr'><strong>quas</strong></span> <span class='ocrx_word' id='word_1_139' title='bbox 909 1145 1052 1203; x_wconf 82' lang='lat' dir='ltr'><strong>snutCm-</strong></span> <span class='ocrx_word' id='word_1_140' title='bbox 1107 1149 1223 1216; x_wconf 86' lang='lat' dir='ltr'><strong>servire,</strong></span> <span class='ocrx_word' id='word_1_141' title='bbox 1246 1150 1306 1206; x_wconf 88' lang='lat' dir='ltr'><strong>sive</strong></span> <span class='ocrx_word' id='word_1_142' title='bbox 1331 1151 1535 1222; x_wconf 69' lang='lat' dir='ltr'><strong>presentibus,</strong></span> <span class='ocrx_word' id='word_1_143' title='bbox 1562 1149 1622 1206; x_wconf 85' lang='lat' dir='ltr'><strong>sive</strong></span> <span class='ocrx_word' id='word_1_144' title='bbox 1647 1151 1822 1209; x_wconf 75' lang='lat' dir='ltr'><strong>absentibus:</strong></span> <span class='ocrx_word' id='word_1_145' title='bbox 1845 1157 1898 1225; x_wconf 81' lang='lat' dir='ltr'><strong>quin</strong></span> <span class='ocrx_word' id='word_1_146' title='bbox 1948 1183 1949 1234; x_wconf 34' lang='lat' dir='ltr'><strong>p</strong></span> 
     </span>
     <span class='ocr_line' id='line_1_11' title="bbox 219 1233 1949 1316; baseline 0.004 -24"><span class='ocrx_word' id='word_1_147' title='bbox 219 1238 314 1308; x_wconf 72' lang='lat' dir='ltr'><strong>aspri,</strong></span> <span class='ocrx_word' id='word_1_148' title='bbox 330 1235 446 1305; x_wconf 74' lang='lat' dir='ltr'><strong>Caesam,</strong></span> <span class='ocrx_word' id='word_1_149' title='bbox 463 1235 491 1291; x_wconf 92' lang='lat' dir='ltr'><strong>id</strong></span> <span class='ocrx_word' id='word_1_150' title='bbox 507 1239 551 1294; x_wconf 88' lang='lat' dir='ltr'><strong>est</strong></span> <span class='ocrx_word' id='word_1_151' title='bbox 565 1233 1052 1316; x_wconf 61' lang='lat' dir='ltr'><strong>debitumtributumetsubJectioj</strong></span> <span class='ocrx_word' id='word_1_152' title='bbox 1107 1238 1250 1312; x_wconf 88' lang='lat' dir='ltr'><strong>quidquid</strong></span> <span class='ocrx_word' id='word_1_153' title='bbox 1275 1237 1362 1296; x_wconf 89' lang='lat' dir='ltr'><strong>boma</strong></span> <span class='ocrx_word' id='word_1_154' title='bbox 1387 1238 1454 1295; x_wconf 91' lang='lat' dir='ltr'><strong>boni</strong></span> <span class='ocrx_word' id='word_1_155' title='bbox 1479 1239 1578 1296; x_wconf 82' lang='lat' dir='ltr'><strong>iecerit</strong></span> <span class='ocrx_word' id='word_1_156' title='bbox 1601 1244 1719 1314; x_wconf 89' lang='lat' dir='ltr'><strong>propter</strong></span> <span class='ocrx_word' id='word_1_157' title='bbox 1742 1245 1821 1298; x_wconf 85' lang='lat' dir='ltr'><strong>ileum</strong></span> <span class='ocrx_word' id='word_1_158' title='bbox 1842 1245 1896 1300; x_wconf 87' lang='lat' dir='ltr'><strong>nihl</strong></span> <span class='ocrx_word' id='word_1_159' title='bbox 1948 1239 1949 1304; x_wconf 68' lang='lat' dir='ltr'><strong>i</strong></span> 
     </span>
     <span class='ocr_line' id='line_1_12' title="bbox 219 1317 1949 1404; baseline 0.002 -20"><span class='ocrx_word' id='word_1_160' title='bbox 219 1343 288 1384; x_wconf 84' lang='lat' dir='ltr'><strong>nem</strong></span> <span class='ocrx_word' id='word_1_161' title='bbox 303 1323 474 1382; x_wconf 74' lang='lat' dir='ltr'><strong>obedientie</strong></span> <span class='ocrx_word' id='word_1_162' title='bbox 492 1341 559 1380; x_wconf 89' lang='lat' dir='ltr'><strong>eum</strong></span> <span class='ocrx_word' id='word_1_163' title='bbox 577 1323 734 1382; x_wconf 83' lang='lat' dir='ltr'><strong>fidelitate:</strong></span> <span class='ocrx_word' id='word_1_164' title='bbox 756 1327 811 1382; x_wconf 73' lang='lat' dir='ltr'><strong>set</strong></span> <span class='ocrx_word' id='word_1_165' title='bbox 834 1341 898 1396; x_wconf 78' lang='lat' dir='ltr'><strong>que</strong></span> <span class='ocrx_word' id='word_1_166' title='bbox 913 1329 983 1381; x_wconf 90' lang='lat' dir='ltr'><strong>sunt</strong></span> <span class='ocrx_word' id='word_1_167' title='bbox 1001 1321 1051 1380; x_wconf 86' lang='lat' dir='ltr'><strong>De¹</strong></span> <span class='ocrx_word' id='word_1_168' title='bbox 1106 1327 1210 1400; x_wconf 87' lang='lat' dir='ltr'><strong>perdit,</strong></span> <span class='ocrx_word' id='word_1_169' title='bbox 1228 1326 1297 1400; x_wconf 90' lang='lat' dir='ltr'><strong>quia</strong></span> <span class='ocrx_word' id='word_1_170' title='bbox 1312 1327 1374 1399; x_wconf 90' lang='lat' dir='ltr'><strong>ipse</strong></span> <span class='ocrx_word' id='word_1_171' title='bbox 1390 1327 1492 1383; x_wconf 83' lang='lat' dir='ltr'><strong>reddet</strong></span> <span class='ocrx_word' id='word_1_172' title='bbox 1506 1328 1898 1404; x_wconf 84' lang='lat' dir='ltr'><strong>unicuiquesecuudumopera</strong></span> <span class='ocrx_word' id='word_1_173' title='bbox 1948 1317 1949 1398; x_wconf 73' lang='lat' dir='ltr'><strong>i</strong></span> 
     </span>
     <span class='ocr_line' id='line_1_13' title="bbox 218 1411 1949 1490; baseline 0.002 -16"><span class='ocrx_word' id='word_1_174' title='bbox 218 1419 285 1485; x_wconf 85' lang='lat' dir='ltr'><strong>Deo,</strong></span> <span class='ocrx_word' id='word_1_175' title='bbox 299 1413 628 1484; x_wconf 75' lang='lat' dir='ltr'><strong>alidomrectamspcm</strong></span> <span class='ocrx_word' id='word_1_176' title='bbox 640 1411 975 1481; x_wconf 83' lang='lat' dir='ltr'><strong>firmam,etcharitatem</strong></span> <span class='ocrx_word' id='word_1_177' title='bbox 986 1429 1050 1486; x_wconf 92' lang='lat' dir='ltr'><strong>pcr·</strong></span> <span class='ocrx_word' id='word_1_178' title='bbox 1105 1432 1169 1472; x_wconf 88' lang='lat' dir='ltr'><strong>sua.</strong></span> <span class='ocrx_word' id='word_1_179' title='bbox 1186 1416 1307 1488; x_wconf 86' lang='lat' dir='ltr'><strong>Semper</strong></span> <span class='ocrx_word' id='word_1_180' title='bbox 1321 1415 1398 1471; x_wconf 91' lang='lat' dir='ltr'><strong>enim</strong></span> <span class='ocrx_word' id='word_1_181' title='bbox 1412 1415 1441 1470; x_wconf 91' lang='lat' dir='ltr'><strong>in</strong></span> <span class='ocrx_word' id='word_1_182' title='bbox 1461 1415 1522 1471; x_wconf 82' lang='lat' dir='ltr'><strong>vito</strong></span> <span class='ocrx_word' id='word_1_183' title='bbox 1545 1415 1674 1472; x_wconf 88' lang='lat' dir='ltr'><strong>hominis</strong></span> <span class='ocrx_word' id='word_1_184' title='bbox 1688 1415 1753 1474; x_wconf 83' lang='lat' dir='ltr'><strong>duis</strong></span> <span class='ocrx_word' id='word_1_185' title='bbox 1775 1419 1896 1490; x_wconf 77' lang='lat' dir='ltr'><strong>queritur,</strong></span> <span class='ocrx_word' id='word_1_186' title='bbox 1948 1419 1949 1478; x_wconf 88' lang='lat' dir='ltr'><strong>l</strong></span> 
     </span>
     <span class='ocr_line' id='line_1_14' title="bbox 219 1500 1949 1590; baseline 0.002 -28"><span class='ocrx_word' id='word_1_187' title='bbox 219 1504 337 1562; x_wconf 80' lang='lat' dir='ltr'><strong>tectam.</strong></span> <span class='ocrx_word' id='word_1_188' title='bbox 352 1524 366 1551; x_wconf 84' lang='grc' dir='ltr'><strong>ιι</strong></span> <span class='ocrx_word' id='word_1_189' title='bbox 384 1501 449 1558; x_wconf 84' lang='lat' dir='ltr'><strong>Sive</strong></span> <span class='ocrx_word' id='word_1_190' title='bbox 464 1500 590 1558; x_wconf 91' lang='lat' dir='ltr'><strong>ducibus</strong></span> <span class='ocrx_word' id='word_1_191' title='bbox 611 1504 755 1573; x_wconf 83' lang='lat' dir='ltr'><strong>tanquam</strong></span> <span class='ocrx_word' id='word_1_192' title='bbox 780 1501 866 1556; x_wconf 88' lang='lat' dir='ltr'><strong>abeo</strong></span> <span class='ocrx_word' id='word_1_193' title='bbox 890 1501 991 1558; x_wconf 88' lang='lat' dir='ltr'><strong>missis</strong></span> <span class='ocrx_word' id='word_1_194' title='bbox 1013 1503 1048 1558; x_wconf 87' lang='lat' dir='ltr'><strong>ad</strong></span> <span class='ocrx_word' id='word_1_195' title='bbox 1106 1501 1201 1577; x_wconf 90' lang='lat' dir='ltr'><strong>qualis</strong></span> <span class='ocrx_word' id='word_1_196' title='bbox 1216 1505 1256 1560; x_wconf 90' lang='lat' dir='ltr'><strong>sit</strong></span> <span class='ocrx_word' id='word_1_197' title='bbox 1269 1507 1397 1561; x_wconf 90' lang='lat' dir='ltr'><strong>extremo</strong></span> <span class='ocrx_word' id='word_1_198' title='bbox 1414 1508 1545 1580; x_wconf 89' lang='lat' dir='ltr'><strong>tompore</strong></span> <span class='ocrx_word' id='word_1_199' title='bbox 1570 1504 1633 1560; x_wconf 79' lang='lat' dir='ltr'><strong>vite</strong></span> <span class='ocrx_word' id='word_1_200' title='bbox 1651 1522 1728 1562; x_wconf 72' lang='lat' dir='ltr'><strong>sune:</strong></span> <span class='ocrx_word' id='word_1_201' title='bbox 1746 1506 1793 1579; x_wconf 88' lang='lat' dir='ltr'><strong>qui</strong></span> <span class='ocrx_word' id='word_1_202' title='bbox 1814 1507 1844 1564; x_wconf 87' lang='lat' dir='ltr'><strong>de</strong></span> <span class='ocrx_word' id='word_1_203' title='bbox 1857 1510 1898 1566; x_wconf 85' lang='lat' dir='ltr'><strong>ine</strong></span> <span class='ocrx_word' id='word_1_204' title='bbox 1948 1501 1949 1590; x_wconf 69' lang='lat' dir='ltr'><strong>i</strong></span> 
     </span>
     <span class='ocr_line' id='line_1_15' title="bbox 219 1589 1949 1706; baseline 0.003 -61"><span class='ocrx_word' id='word_1_205' title='bbox 219 1591 410 1650; x_wconf 72' lang='lat' dir='ltr'><strong>‹rvindietam</strong></span> <span class='ocrx_word' id='word_1_206' title='bbox 427 1589 915 1662; x_wconf 57' lang='lat' dir='ltr'><strong>malefactorum-nequirent</strong></span> <span class='ocrx_word' id='word_1_207' title='bbox 940 1590 1051 1648; x_wconf 84' lang='lat' dir='ltr'><strong>Paulus</strong></span> <span class='ocrx_word' id='word_1_208' title='bbox 1104 1592 1898 1666; x_wconf 82' lang='lat' dir='ltr'><strong>suounusquisqueautjustifieetur,autnondemuatur.</strong></span> <span class='ocrx_word' id='word_1_209' title='bbox 1948 1643 1949 1706; x_wconf 75' lang='lat' dir='ltr'><strong>l</strong></span> 
     </span>
     <span class='ocr_line' id='line_1_16' title="bbox 107 1679 1949 1758; baseline -0.001 -18"><span class='ocrx_word' id='word_1_210' title='bbox 107 1703 112 1710; x_wconf 90' lang='lat'>·</span> <span class='ocrx_word' id='word_1_211' title='bbox 219 1683 273 1740; x_wconf 91' lang='lat' dir='ltr'><strong>ait:</strong></span> <span class='ocrx_word' id='word_1_212' title='bbox 292 1679 1048 1752; x_wconf 73' lang='lat' dir='ltr'><strong>eOmnisanimpotestatibussublimioribussuh·</strong></span> <span class='ocrx_word' id='word_1_213' title='bbox 1103 1681 1169 1737; x_wconf 92' lang='lat' dir='ltr'><strong>ldeo</strong></span> <span class='ocrx_word' id='word_1_214' title='bbox 1185 1681 1399 1738; x_wconf 85' lang='lat' dir='ltr'><strong>instantissime</strong></span> <span class='ocrx_word' id='word_1_215' title='bbox 1414 1682 1491 1738; x_wconf 89' lang='lat' dir='ltr'><strong>hona</strong></span> <span class='ocrx_word' id='word_1_216' title='bbox 1505 1683 1700 1754; x_wconf 80' lang='lat' dir='ltr'><strong>quaecoeperit</strong></span> <span class='ocrx_word' id='word_1_217' title='bbox 1714 1684 1898 1758; x_wconf 87' lang='lat' dir='ltr'><strong>unusquisque,</strong></span> <span class='ocrx_word' id='word_1_218' title='bbox 1948 1707 1949 1710; x_wconf 40' lang='lat'>¹</span> 
     </span>
     <span class='ocr_line' id='line_1_17' title="bbox 218 1767 1898 1844; baseline -0.001 -15"><span class='ocrx_word' id='word_1_219' title='bbox 218 1770 282 1830; x_wconf 85' lang='lat' dir='ltr'><strong>dita</strong></span> <span class='ocrx_word' id='word_1_220' title='bbox 302 1770 349 1827; x_wconf 90' lang='lat' dir='ltr'><strong>sit.</strong></span> <span class='ocrx_word' id='word_1_221' title='bbox 375 1772 494 1826; x_wconf 87' lang='lat' dir='ltr'><strong>nonest</strong></span> <span class='ocrx_word' id='word_1_222' title='bbox 518 1768 597 1824; x_wconf 91' lang='lat' dir='ltr'><strong>euim</strong></span> <span class='ocrx_word' id='word_1_223' title='bbox 619 1771 750 1842; x_wconf 87' lang='lat' dir='ltr'><strong>potestas</strong></span> <span class='ocrx_word' id='word_1_224' title='bbox 774 1767 831 1826; x_wconf 91' lang='lat' dir='ltr'><strong>nisi</strong></span> <span class='ocrx_word' id='word_1_225' title='bbox 847 1785 864 1826; x_wconf 90' lang='lat' dir='ltr'><strong>a</strong></span> <span class='ocrx_word' id='word_1_226' title='bbox 878 1769 936 1825; x_wconf 93' lang='lat' dir='ltr'><strong>Deo</strong></span> <span class='ocrx_word' id='word_1_227' title='bbox 961 1768 1047 1842; x_wconf 82' lang='lat' dir='ltr'><strong>(dom.</strong></span> <span class='ocrx_word' id='word_1_228' title='bbox 1104 1771 1241 1844; x_wconf 82' lang='lat' dir='ltr'><strong>perficere</strong></span> <span class='ocrx_word' id='word_1_229' title='bbox 1255 1771 1423 1837; x_wconf 88' lang='lat' dir='ltr'><strong>contendat,</strong></span> <span class='ocrx_word' id='word_1_230' title='bbox 1439 1771 1802 1843; x_wconf 82' lang='lat' dir='ltr'><strong>utperpetuamailomiuc</strong></span> <span class='ocrx_word' id='word_1_231' title='bbox 1817 1790 1898 1829; x_wconf 87' lang='lat' dir='ltr'><strong>merce·</strong></span> 
     </span>
     <span class='ocr_line' id='line_1_18' title="bbox 217 1856 1898 1935; baseline -0.001 -15"><span class='ocrx_word' id='word_1_232' title='bbox 217 1859 290 1933; x_wconf 74' lang='lat' dir='ltr'><strong>arn).</strong></span> <span class='ocrx_word' id='word_1_233' title='bbox 308 1881 321 1910; x_wconf 80' lang='lat' dir='ltr'><strong>n</strong></span> <span class='ocrx_word' id='word_1_234' title='bbox 336 1857 388 1914; x_wconf 87' lang='lat' dir='ltr'><strong>Dei</strong></span> <span class='ocrx_word' id='word_1_235' title='bbox 404 1858 482 1914; x_wconf 89' lang='lat' dir='ltr'><strong>enim</strong></span> <span class='ocrx_word' id='word_1_236' title='bbox 499 1856 627 1914; x_wconf 90' lang='lat' dir='ltr'><strong>ministri</strong></span> <span class='ocrx_word' id='word_1_237' title='bbox 643 1858 762 1915; x_wconf 91' lang='lat' dir='ltr'><strong>suntad</strong></span> <span class='ocrx_word' id='word_1_238' title='bbox 778 1859 971 1915; x_wconf 78' lang='lat' dir='ltr'><strong>coercendam</strong></span> <span class='ocrx_word' id='word_1_239' title='bbox 994 1858 1045 1915; x_wconf 91' lang='lat' dir='ltr'><strong>hc·</strong></span> <span class='ocrx_word' id='word_1_240' title='bbox 1102 1859 1168 1916; x_wconf 90' lang='lat' dir='ltr'><strong>dem</strong></span> <span class='ocrx_word' id='word_1_241' title='bbox 1184 1859 1316 1933; x_wconf 75' lang='lat' dir='ltr'><strong>accipiet,</strong></span> <span class='ocrx_word' id='word_1_242' title='bbox 1334 1859 1398 1932; x_wconf 92' lang='lat' dir='ltr'><strong>ipso</strong></span> <span class='ocrx_word' id='word_1_243' title='bbox 1412 1859 1565 1934; x_wconf 85' lang='lat' dir='ltr'><strong>largiente,</strong></span> <span class='ocrx_word' id='word_1_244' title='bbox 1581 1859 1631 1932; x_wconf 90' lang='lat' dir='ltr'><strong>qui</strong></span> <span class='ocrx_word' id='word_1_245' title='bbox 1649 1859 1720 1916; x_wconf 83' lang='lat' dir='ltr'><strong>vivit</strong></span> <span class='ocrx_word' id='word_1_246' title='bbox 1734 1865 1761 1918; x_wconf 90' lang='lat' dir='ltr'><strong>et</strong></span> <span class='ocrx_word' id='word_1_247' title='bbox 1775 1867 1863 1935; x_wconf 89' lang='lat' dir='ltr'><strong>regnat</strong></span> <span class='ocrx_word' id='word_1_248' title='bbox 1878 1862 1898 1918; x_wconf 92' lang='lat' dir='ltr'><strong>in</strong></span> 
     </span>
     <span class='ocr_line' id='line_1_19' title="bbox 219 1945 1527 2021; baseline -0.002 -15"><span class='ocrx_word' id='word_1_249' title='bbox 219 1948 334 2006; x_wconf 87' lang='lat' dir='ltr'><strong>minum</strong></span> <span class='ocrx_word' id='word_1_250' title='bbox 350 1945 493 2002; x_wconf 89' lang='lat' dir='ltr'><strong>malitiam</strong></span> <span class='ocrx_word' id='word_1_251' title='bbox 509 1945 604 2012; x_wconf 88' lang='lat' dir='ltr'><strong>missi,</strong></span> <span class='ocrx_word' id='word_1_252' title='bbox 620 1949 653 2002; x_wconf 90' lang='lat' dir='ltr'><strong>ut</strong></span> <span class='ocrx_word' id='word_1_253' title='bbox 667 1945 1048 2021; x_wconf 87' lang='lat' dir='ltr'><strong>quispoutematanoluerit</strong></span> <span class='ocrx_word' id='word_1_254' title='bbox 1102 1947 1209 2005; x_wconf 79' lang='lat' dir='ltr'><strong>secula</strong></span> <span class='ocrx_word' id='word_1_255' title='bbox 1224 1947 1409 2005; x_wconf 83' lang='lat' dir='ltr'><strong>saeculorum.</strong></span> <span class='ocrx_word' id='word_1_256' title='bbox 1425 1951 1527 2004; x_wconf 85' lang='lat' dir='ltr'><strong>Amen.</strong></span> 
     </span>
     <span class='ocr_line' id='line_1_20' title="bbox 218 2033 1045 2106; baseline -0.002 -12"><span class='ocrx_word' id='word_1_257' title='bbox 218 2037 320 2106; x_wconf 86' lang='lat' dir='ltr'><strong>vitare,</strong></span> <span class='ocrx_word' id='word_1_258' title='bbox 337 2049 439 2090; x_wconf 89' lang='lat' dir='ltr'><strong>eorum</strong></span> <span class='ocrx_word' id='word_1_259' title='bbox 460 2034 565 2092; x_wconf 90' lang='lat' dir='ltr'><strong>timore</strong></span> <span class='ocrx_word' id='word_1_260' title='bbox 580 2034 623 2092; x_wconf 82' lang='lat' dir='ltr'><strong>rel</strong></span> <span class='ocrx_word' id='word_1_261' title='bbox 648 2033 756 2092; x_wconf 89' lang='lat' dir='ltr'><strong>invitus</strong></span> <span class='ocrx_word' id='word_1_262' title='bbox 779 2035 859 2092; x_wconf 85' lang='lat' dir='ltr'><strong>vitet.</strong></span> <span class='ocrx_word' id='word_1_263' title='bbox 889 2055 899 2084; x_wconf 79' lang='grc' dir='ltr'><strong>ι</strong></span> <span class='ocrx_word' id='word_1_264' title='bbox 917 2036 1045 2093; x_wconf 88' lang='lat' dir='ltr'><strong>Laudem</strong></span> 
     </span>
     <span class='ocr_line' id='line_1_21' title="bbox 219 2123 1047 2198; baseline 0.001 -16"><span class='ocrx_word' id='word_1_265' title='bbox 219 2149 234 2176; x_wconf 87' lang='grc' dir='ltr'><strong>ιι</strong></span> <span class='ocrx_word' id='word_1_266' title='bbox 250 2141 317 2184; x_wconf 84' lang='lat' dir='ltr'><strong>vero</strong></span> <span class='ocrx_word' id='word_1_267' title='bbox 334 2124 489 2182; x_wconf 88' lang='lat' dir='ltr'><strong>bonorum.</strong></span> <span class='ocrx_word' id='word_1_268' title='bbox 508 2144 519 2176; x_wconf 83' lang='grc' dir='ltr'><strong>ι</strong></span> <span class='ocrx_word' id='word_1_269' title='bbox 538 2123 885 2182; x_wconf 86' lang='lat' dir='ltr'><strong>SimiliterPeulusdioit:</strong></span> <span class='ocrx_word' id='word_1_270' title='bbox 904 2147 917 2176; x_wconf 84' lang='grc' dir='ltr'><strong>ιι</strong></span> <span class='ocrx_word' id='word_1_271' title='bbox 934 2125 957 2178; x_wconf 78' lang='lat' dir='ltr'>V</span> <span class='ocrx_word' id='word_1_272' title='bbox 960 2125 984 2182; x_wconf 93' lang='lat' dir='ltr'><strong>is</strong></span> <span class='ocrx_word' id='word_1_273' title='bbox 998 2143 1047 2198; x_wconf 90' lang='lat' dir='ltr'><strong>po·</strong></span> 
     </span>
     <span class='ocr_line' id='line_1_22' title="bbox 219 2211 1044 2284; baseline -0.002 -12"><span class='ocrx_word' id='word_1_274' title='bbox 219 2217 356 2272; x_wconf 88' lang='lat' dir='ltr'><strong>testatem</strong></span> <span class='ocrx_word' id='word_1_275' title='bbox 370 2229 428 2268; x_wconf 84' lang='lat' dir='ltr'><strong>non</strong></span> <span class='ocrx_word' id='word_1_276' title='bbox 435 2211 678 2272; x_wconf 80' lang='lat' dir='ltr'><strong>timemihonum</strong></span> <span class='ocrx_word' id='word_1_277' title='bbox 687 2213 742 2284; x_wconf 88' lang='lat' dir='ltr'><strong>iac,</strong></span> <span class='ocrx_word' id='word_1_278' title='bbox 757 2217 785 2270; x_wconf 91' lang='lat' dir='ltr'><strong>et</strong></span> <span class='ocrx_word' id='word_1_279' title='bbox 796 2213 918 2271; x_wconf 87' lang='lat' dir='ltr'><strong>habebis</strong></span> <span class='ocrx_word' id='word_1_280' title='bbox 927 2213 1044 2271; x_wconf 90' lang='lat' dir='ltr'><strong>laudem</strong></span> 
     </span>
     <span class='ocr_line' id='line_1_23' title="bbox 219 2299 1900 2380; baseline 0.001 -19"><span class='ocrx_word' id='word_1_281' title='bbox 219 2320 253 2361; x_wconf 84' lang='lat' dir='ltr'><strong>ex</strong></span> <span class='ocrx_word' id='word_1_282' title='bbox 268 2301 319 2360; x_wconf 90' lang='lat' dir='ltr'><strong>illa</strong></span> <span class='ocrx_word' id='word_1_283' title='bbox 333 2303 420 2374; x_wconf 84' lang='lat' dir='ltr'><strong>(Rom.</strong></span> <span class='ocrx_word' id='word_1_284' title='bbox 436 2305 511 2372; x_wconf 77' lang='lat'>1111).</span> <span class='ocrx_word' id='word_1_285' title='bbox 1136 2303 1230 2377; x_wconf 76' lang='lat' dir='ltr'><strong>(toan.</strong></span> <span class='ocrx_word' id='word_1_286' title='bbox 1246 2304 1317 2371; x_wconf 84' lang='lat' dir='ltr'><strong>xvr.)</strong></span> <span class='ocrx_word' id='word_1_287' title='bbox 1331 2325 1344 2352; x_wconf 90' lang='grc' dir='ltr'><strong>ιι</strong></span> <span class='ocrx_word' id='word_1_288' title='bbox 1356 2299 1443 2358; x_wconf 87' lang='lat' dir='ltr'><strong>loiiio</strong></span> <span class='ocrx_word' id='word_1_289' title='bbox 1453 2303 1768 2377; x_wconf 78' lang='lat' dir='ltr'><strong>temporedixitJesus</strong></span> <span class='ocrx_word' id='word_1_290' title='bbox 1776 2305 1900 2380; x_wconf 85' lang='lat' dir='ltr'><strong>discipulis</strong></span> 
     </span>
    </p>
   </div>
   <div class='ocr_carea' id='block_1_3' title="bbox 1200 2089 1823 2246">
    <p class='ocr_par' dir='ltr' id='par_1_3' title="bbox 1200 2089 1823 2246">
     <span class='ocr_line' id='line_1_24' title="bbox 1363 2089 1666 2146; baseline 0.003 -1"><span class='ocrx_word' id='word_1_291' title='bbox 1363 2089 1516 2146; x_wconf 79' lang='lat' dir='ltr'><strong>ueniunt</strong></span> <span class='ocrx_word' id='word_1_292' title='bbox 1537 2090 1666 2146; x_wconf 85' lang='lat' dir='ltr'>LXXXV.</span> 
     </span>
     <span class='ocr_line' id='line_1_25' title="bbox 1200 2182 1823 2246; baseline 0.003 -12"><span class='ocrx_word' id='word_1_293' title='bbox 1200 2193 1338 2234; x_wconf 75' lang='lat' dir='ltr'><strong>neuturus</strong></span> <span class='ocrx_word' id='word_1_294' title='bbox 1356 2195 1457 2234; x_wconf 72' lang='lat' dir='ltr'><strong>mame</strong></span> <span class='ocrx_word' id='word_1_295' title='bbox 1477 2195 1546 2235; x_wconf 84' lang='lat' dir='ltr'><strong>ross</strong></span> <span class='ocrx_word' id='word_1_296' title='bbox 1567 2196 1689 2246; x_wconf 78' lang='lat' dir='ltr'><strong>roscen,</strong></span> <span class='ocrx_word' id='word_1_297' title='bbox 1702 2182 1823 2238; x_wconf 73' lang='lat' dir='ltr'><strong>latitate.</strong></span> 
     </span>
    </p>
   </div>
   <div class='ocr_carea' id='block_1_4' title="bbox 208 2389 1949 5664">
    <p class='ocr_par' dir='ltr' id='par_1_4' title="bbox 214 2389 1902 3535">
     <span class='ocr_line' id='line_1_26' title="bbox 256 2389 1899 2464; baseline 0.001 -16"><span class='ocrx_word' id='word_1_298' title='bbox 256 2413 271 2443; x_wconf 80' lang='grc' dir='ltr'><strong>ιι</strong></span> <span class='ocrx_word' id='word_1_299' title='bbox 285 2391 359 2457; x_wconf 89' lang='lat' dir='ltr'><strong>Quia</strong></span> <span class='ocrx_word' id='word_1_300' title='bbox 374 2390 416 2448; x_wconf 87' lang='lat' dir='ltr'><strong>sic</strong></span> <span class='ocrx_word' id='word_1_301' title='bbox 431 2395 476 2450; x_wconf 87' lang='lat' dir='ltr'><strong>est</strong></span> <span class='ocrx_word' id='word_1_302' title='bbox 492 2390 628 2450; x_wconf 81' lang='lat' dir='ltr'><strong>solantes</strong></span> <span class='ocrx_word' id='word_1_303' title='bbox 643 2389 704 2458; x_wconf 88' lang='lat' dir='ltr'><strong>Dei,</strong></span> <span class='ocrx_word' id='word_1_304' title='bbox 722 2394 754 2447; x_wconf 93' lang='lat' dir='ltr'><strong>ut</strong></span> <span class='ocrx_word' id='word_1_305' title='bbox 767 2389 982 2448; x_wconf 72' lang='lat' dir='ltr'><strong>benefacientes</strong></span> <span class='ocrx_word' id='word_1_306' title='bbox 997 2393 1046 2448; x_wconf 90' lang='lat' dir='ltr'><strong>ob·</strong></span> <span class='ocrx_word' id='word_1_307' title='bbox 1100 2415 1115 2444; x_wconf 93' lang='lat'>«</span> <span class='ocrx_word' id='word_1_308' title='bbox 1131 2393 1210 2449; x_wconf 90' lang='lat' dir='ltr'><strong>suis:</strong></span> <span class='ocrx_word' id='word_1_309' title='bbox 1227 2391 1374 2448; x_wconf 87' lang='lat' dir='ltr'><strong>Modicum</strong></span> <span class='ocrx_word' id='word_1_310' title='bbox 1390 2393 1482 2464; x_wconf 89' lang='lat' dir='ltr'><strong>etjam</strong></span> <span class='ocrx_word' id='word_1_311' title='bbox 1496 2391 1701 2450; x_wconf 87' lang='lat' dir='ltr'><strong>nonvidebitis</strong></span> <span class='ocrx_word' id='word_1_312' title='bbox 1717 2410 1771 2464; x_wconf 87' lang='lat' dir='ltr'><strong>me,</strong></span> <span class='ocrx_word' id='word_1_313' title='bbox 1783 2395 1899 2450; x_wconf 88' lang='lat' dir='ltr'><strong>etiterum</strong></span> 
     </span>
     <span class='ocr_line' id='line_1_27' title="bbox 219 2477 1899 2555; baseline 0 -17"><span class='ocrx_word' id='word_1_314' title='bbox 219 2503 234 2532; x_wconf 86' lang='grc' dir='ltr'><strong>ιι</strong></span> <span class='ocrx_word' id='word_1_315' title='bbox 250 2483 414 2538; x_wconf 87' lang='lat' dir='ltr'><strong>mutescere</strong></span> <span class='ocrx_word' id='word_1_316' title='bbox 430 2478 543 2536; x_wconf 83' lang='lat' dir='ltr'><strong>iacietis</strong></span> <span class='ocrx_word' id='word_1_317' title='bbox 557 2477 790 2552; x_wconf 88' lang='lat' dir='ltr'><strong>imprudentium</strong></span> <span class='ocrx_word' id='word_1_318' title='bbox 805 2479 1045 2555; x_wconf 88' lang='lat' dir='ltr'><strong>bominumigno·</strong></span> <span class='ocrx_word' id='word_1_319' title='bbox 1102 2503 1116 2534; x_wconf 90' lang='grc' dir='ltr'><strong>ιι</strong></span> <span class='ocrx_word' id='word_1_320' title='bbox 1132 2481 1280 2538; x_wconf 89' lang='lat' dir='ltr'><strong>modinum</strong></span> <span class='ocrx_word' id='word_1_321' title='bbox 1296 2483 1325 2536; x_wconf 93' lang='lat' dir='ltr'><strong>et</strong></span> <span class='ocrx_word' id='word_1_322' title='bbox 1338 2480 1475 2538; x_wconf 85' lang='lat' dir='ltr'><strong>ridebitis</strong></span> <span class='ocrx_word' id='word_1_323' title='bbox 1491 2497 1548 2550; x_wconf 92' lang='lat' dir='ltr'><strong>me,</strong></span> <span class='ocrx_word' id='word_1_324' title='bbox 1564 2483 1634 2554; x_wconf 92' lang='lat' dir='ltr'><strong>quia</strong></span> <span class='ocrx_word' id='word_1_325' title='bbox 1649 2484 1726 2540; x_wconf 71' lang='lat' dir='ltr'><strong>iuno</strong></span> <span class='ocrx_word' id='word_1_326' title='bbox 1741 2484 1899 2540; x_wconf 75' lang='lat' dir='ltr'><strong>edPetremn</strong></span> 
     </span>
     <span class='ocr_line' id='line_1_28' title="bbox 219 2568 1272 2643; baseline 0.003 -21"><span class='ocrx_word' id='word_1_327' title='bbox 219 2593 233 2622; x_wconf 90' lang='grc' dir='ltr'><strong>ιι</strong></span> <span class='ocrx_word' id='word_1_328' title='bbox 246 2569 382 2628; x_wconf 88' lang='lat' dir='ltr'><strong>rentiam.</strong></span> <span class='ocrx_word' id='word_1_329' title='bbox 400 2593 413 2620; x_wconf 85' lang='grc' dir='ltr'><strong>ιι</strong></span> <span class='ocrx_word' id='word_1_330' title='bbox 431 2568 468 2625; x_wconf 89' lang='lat' dir='ltr'><strong>Ut</strong></span> <span class='ocrx_word' id='word_1_331' title='bbox 483 2571 544 2625; x_wconf 88' lang='lat' dir='ltr'><strong>tam</strong></span> <span class='ocrx_word' id='word_1_332' title='bbox 560 2568 638 2626; x_wconf 91' lang='lat' dir='ltr'><strong>cauti</strong></span> <span class='ocrx_word' id='word_1_333' title='bbox 654 2571 683 2626; x_wconf 89' lang='lat' dir='ltr'><strong>et</strong></span> <span class='ocrx_word' id='word_1_334' title='bbox 706 2573 768 2624; x_wconf 90' lang='lat' dir='ltr'><strong>tam</strong></span> <span class='ocrx_word' id='word_1_335' title='bbox 793 2569 914 2642; x_wconf 85' lang='lat' dir='ltr'><strong>perlecti</strong></span> <span class='ocrx_word' id='word_1_336' title='bbox 939 2569 968 2626; x_wconf 91' lang='lat' dir='ltr'><strong>iu</strong></span> <span class='ocrx_word' id='word_1_337' title='bbox 994 2573 1044 2628; x_wconf 88' lang='lat' dir='ltr'><strong>Dei</strong></span> <span class='ocrx_word' id='word_1_338' title='bbox 1099 2571 1135 2627; x_wconf 78' lang='lat' dir='ltr'><strong>lit</strong></span> <span class='ocrx_word' id='word_1_339' title='bbox 1149 2570 1272 2643; x_wconf 89' lang='lat' dir='ltr'><strong>reliqua.</strong></span> 
     </span>
     <span class='ocr_line' id='line_1_29' title="bbox 218 2656 1900 2736; baseline -0.002 -18"><span class='ocrx_word' id='word_1_340' title='bbox 218 2675 305 2736; x_wconf 87' lang='lat' dir='ltr'><strong>opere</strong></span> <span class='ocrx_word' id='word_1_341' title='bbox 319 2657 395 2727; x_wconf 85' lang='lat' dir='ltr'><strong>sitis,</strong></span> <span class='ocrx_word' id='word_1_342' title='bbox 411 2662 444 2714; x_wconf 92' lang='lat' dir='ltr'><strong>ut</strong></span> <span class='ocrx_word' id='word_1_343' title='bbox 458 2656 533 2714; x_wconf 91' lang='lat' dir='ltr'><strong>nihil</strong></span> <span class='ocrx_word' id='word_1_344' title='bbox 553 2657 681 2715; x_wconf 87' lang='lat' dir='ltr'><strong>habeant</strong></span> <span class='ocrx_word' id='word_1_345' title='bbox 695 2658 771 2732; x_wconf 91' lang='lat' dir='ltr'><strong>quod</strong></span> <span class='ocrx_word' id='word_1_346' title='bbox 789 2657 939 2716; x_wconf 80' lang='lat' dir='ltr'><strong>detrahere</strong></span> <span class='ocrx_word' id='word_1_347' title='bbox 953 2660 989 2716; x_wconf 88' lang='lat' dir='ltr'><strong>de</strong></span> <span class='ocrx_word' id='word_1_348' title='bbox 1000 2677 1045 2717; x_wconf 87' lang='lat' dir='ltr'><strong>vo·</strong></span> <span class='ocrx_word' id='word_1_349' title='bbox 1135 2682 1149 2710; x_wconf 82' lang='grc' dir='ltr'><strong>ιι</strong></span> <span class='ocrx_word' id='word_1_350' title='bbox 1166 2659 1312 2716; x_wconf 83' lang='lat' dir='ltr'><strong>tiodieum</strong></span> <span class='ocrx_word' id='word_1_351' title='bbox 1326 2659 1428 2732; x_wconf 86' lang='lat' dir='ltr'><strong>etjam</strong></span> <span class='ocrx_word' id='word_1_352' title='bbox 1446 2674 1504 2715; x_wconf 90' lang='lat' dir='ltr'><strong>uon</strong></span> <span class='ocrx_word' id='word_1_353' title='bbox 1519 2657 1657 2716; x_wconf 87' lang='lat' dir='ltr'><strong>ridebitis</strong></span> <span class='ocrx_word' id='word_1_354' title='bbox 1682 2677 1756 2717; x_wconf 73' lang='lat' dir='ltr'><strong>mci</strong></span> <span class='ocrx_word' id='word_1_355' title='bbox 1774 2659 1900 2718; x_wconf 84' lang='lat' dir='ltr'><strong>mortalem</strong></span> 
     </span>
     <span class='ocr_line' id='line_1_30' title="bbox 219 2746 1900 2822; baseline -0.002 -16"><span class='ocrx_word' id='word_1_356' title='bbox 219 2748 265 2806; x_wconf 92' lang='lat' dir='ltr'><strong>bis</strong></span> <span class='ocrx_word' id='word_1_357' title='bbox 280 2748 444 2806; x_wconf 86' lang='lat' dir='ltr'><strong>secuudum</strong></span> <span class='ocrx_word' id='word_1_358' title='bbox 459 2763 560 2804; x_wconf 85' lang='lat' dir='ltr'><strong>eorum</strong></span> <span class='ocrx_word' id='word_1_359' title='bbox 576 2746 684 2804; x_wconf 87' lang='lat' dir='ltr'><strong>malam</strong></span> <span class='ocrx_word' id='word_1_360' title='bbox 699 2746 879 2804; x_wconf 83' lang='lat' dir='ltr'><strong>voluntatem</strong></span> <span class='ocrx_word' id='word_1_361' title='bbox 906 2747 1042 2818; x_wconf 87' lang='lat' dir='ltr'><strong>habeant,</strong></span> <span class='ocrx_word' id='word_1_362' title='bbox 1098 2751 1127 2804; x_wconf 89' lang='lat' dir='ltr'><strong>et</strong></span> <span class='ocrx_word' id='word_1_363' title='bbox 1141 2746 1371 2822; x_wconf 88' lang='lat' dir='ltr'><strong>corruptibilem,</strong></span> <span class='ocrx_word' id='word_1_364' title='bbox 1389 2747 1700 2821; x_wconf 84' lang='lat' dir='ltr'><strong>comprehensibilem,</strong></span> <span class='ocrx_word' id='word_1_365' title='bbox 1716 2748 1900 2807; x_wconf 81' lang='lat' dir='ltr'><strong>sicutnuncri·</strong></span> 
     </span>
     <span class='ocr_line' id='line_1_31' title="bbox 219 2835 1900 2910; baseline 0.002 -21"><span class='ocrx_word' id='word_1_366' title='bbox 219 2859 233 2889; x_wconf 83' lang='lat' dir='ltr'><strong>a</strong></span> <span class='ocrx_word' id='word_1_367' title='bbox 249 2837 334 2910; x_wconf 88' lang='lat' dir='ltr'><strong>qussi</strong></span> <span class='ocrx_word' id='word_1_368' title='bbox 350 2835 448 2904; x_wconf 88' lang='lat' dir='ltr'><strong>liberi,</strong></span> <span class='ocrx_word' id='word_1_369' title='bbox 466 2856 480 2887; x_wconf 77' lang='grc' dir='ltr'><strong>ιι</strong></span> <span class='ocrx_word' id='word_1_370' title='bbox 494 2835 531 2892; x_wconf 91' lang='lat' dir='ltr'><strong>ab</strong></span> <span class='ocrx_word' id='word_1_371' title='bbox 546 2835 625 2892; x_wconf 90' lang='lat' dir='ltr'><strong>omni</strong></span> <span class='ocrx_word' id='word_1_372' title='bbox 636 2835 828 2909; x_wconf 71' lang='lat' dir='ltr'><strong>peecat0,&#39;per</strong></span> <span class='ocrx_word' id='word_1_373' title='bbox 842 2852 940 2892; x_wconf 89' lang='lat' dir='ltr'><strong>veram</strong></span> <span class='ocrx_word' id='word_1_374' title='bbox 956 2838 1045 2910; x_wconf 85' lang='lat' dir='ltr'><strong>pmni-</strong></span> <span class='ocrx_word' id='word_1_375' title='bbox 1097 2835 1183 2903; x_wconf 86' lang='lat' dir='ltr'><strong>detis,</strong></span> <span class='ocrx_word' id='word_1_376' title='bbox 1200 2859 1214 2886; x_wconf 88' lang='grc' dir='ltr'><strong>ιι</strong></span> <span class='ocrx_word' id='word_1_377' title='bbox 1231 2837 1380 2892; x_wconf 91' lang='lat' dir='ltr'><strong>etiterum</strong></span> <span class='ocrx_word' id='word_1_378' title='bbox 1396 2835 1545 2893; x_wconf 89' lang='lat' dir='ltr'><strong>modicum</strong></span> <span class='ocrx_word' id='word_1_379' title='bbox 1561 2841 1589 2892; x_wconf 92' lang='lat' dir='ltr'><strong>et</strong></span> <span class='ocrx_word' id='word_1_380' title='bbox 1613 2836 1753 2896; x_wconf 82' lang='lat' dir='ltr'><strong>videbitis</strong></span> <span class='ocrx_word' id='word_1_381' title='bbox 1781 2855 1821 2895; x_wconf 89' lang='lat' dir='ltr'><strong>me</strong></span> <span class='ocrx_word' id='word_1_382' title='bbox 1835 2861 1846 2888; x_wconf 78' lang='grc' dir='ltr'><strong>ι</strong></span> <span class='ocrx_word' id='word_1_383' title='bbox 1859 2837 1900 2892; x_wconf 85' lang='lat' dir='ltr'><strong>inr-</strong></span> 
     </span>
     <span class='ocr_line' id='line_1_32' title="bbox 217 2922 1899 3000; baseline -0.002 -19"><span class='ocrx_word' id='word_1_384' title='bbox 217 2925 339 2998; x_wconf 77' lang='lat' dir='ltr'><strong>teutiam</strong></span> <span class='ocrx_word' id='word_1_385' title='bbox 354 2927 383 2980; x_wconf 89' lang='lat' dir='ltr'><strong>et</strong></span> <span class='ocrx_word' id='word_1_386' title='bbox 397 2923 610 2980; x_wconf 85' lang='lat' dir='ltr'><strong>eoniessionem</strong></span> <span class='ocrx_word' id='word_1_387' title='bbox 626 2941 742 2997; x_wconf 86' lang='lat' dir='ltr'><strong>puram,</strong></span> <span class='ocrx_word' id='word_1_388' title='bbox 759 2947 773 2975; x_wconf 85' lang='grc' dir='ltr'><strong>ιι</strong></span> <span class='ocrx_word' id='word_1_389' title='bbox 790 2929 819 2982; x_wconf 91' lang='lat' dir='ltr'><strong>et</strong></span> <span class='ocrx_word' id='word_1_390' title='bbox 834 2941 892 2982; x_wconf 88' lang='lat' dir='ltr'><strong>nau</strong></span> <span class='ocrx_word' id='word_1_391' title='bbox 908 2926 1044 3000; x_wconf 85' lang='lat' dir='ltr'><strong>quasive—</strong></span> <span class='ocrx_word' id='word_1_392' title='bbox 1097 2922 1263 2993; x_wconf 86' lang='lat' dir='ltr'><strong>mortalem,</strong></span> <span class='ocrx_word' id='word_1_393' title='bbox 1292 2923 1630 2997; x_wconf 84' lang='lat' dir='ltr'><strong>incomprehensibilem,</strong></span> <span class='ocrx_word' id='word_1_394' title='bbox 1661 2925 1899 3000; x_wconf 88' lang='lat' dir='ltr'><strong>incorruptibilem.</strong></span> 
     </span>
     <span class='ocr_line' id='line_1_33' title="bbox 218 3011 1900 3086; baseline -0.001 -16"><span class='ocrx_word' id='word_1_395' title='bbox 218 3036 233 3064; x_wconf 86' lang='grc' dir='ltr'><strong>ιι</strong></span> <span class='ocrx_word' id='word_1_396' title='bbox 247 3012 344 3070; x_wconf 90' lang='lat' dir='ltr'><strong>lamen</strong></span> <span class='ocrx_word' id='word_1_397' title='bbox 360 3011 502 3070; x_wconf 85' lang='lat' dir='ltr'><strong>habentes</strong></span> <span class='ocrx_word' id='word_1_398' title='bbox 517 3012 634 3070; x_wconf 79' lang='lat' dir='ltr'><strong>malitie</strong></span> <span class='ocrx_word' id='word_1_399' title='bbox 645 3012 820 3072; x_wconf 88' lang='lat' dir='ltr'><strong>libertatem.</strong></span> <span class='ocrx_word' id='word_1_400' title='bbox 830 3012 937 3070; x_wconf 83' lang='lat' dir='ltr'><strong>»Nulla</strong></span> <span class='ocrx_word' id='word_1_401' title='bbox 952 3014 1041 3082; x_wconf 83' lang='lat' dir='ltr'><strong>trous,</strong></span> <span class='ocrx_word' id='word_1_402' title='bbox 1097 3013 1215 3080; x_wconf 86' lang='lat' dir='ltr'><strong>Quoties</strong></span> <span class='ocrx_word' id='word_1_403' title='bbox 1229 3011 1426 3086; x_wconf 88' lang='lat' dir='ltr'><strong>evangelicam</strong></span> <span class='ocrx_word' id='word_1_404' title='bbox 1442 3012 1596 3070; x_wconf 90' lang='lat' dir='ltr'><strong>lectionem</strong></span> <span class='ocrx_word' id='word_1_405' title='bbox 1608 3015 1778 3076; x_wconf 83' lang='lat' dir='ltr'><strong>recitamus.</strong></span> <span class='ocrx_word' id='word_1_406' title='bbox 1793 3015 1900 3072; x_wconf 89' lang='lat' dir='ltr'><strong>conside·</strong></span> 
     </span>
     <span class='ocr_line' id='line_1_34' title="bbox 217 3099 1902 3178; baseline 0.001 -19"><span class='ocrx_word' id='word_1_407' title='bbox 217 3100 300 3159; x_wconf 89' lang='lat' dir='ltr'><strong>nulla</strong></span> <span class='ocrx_word' id='word_1_408' title='bbox 315 3099 427 3158; x_wconf 88' lang='lat' dir='ltr'><strong>malitia</strong></span> <span class='ocrx_word' id='word_1_409' title='bbox 442 3101 481 3158; x_wconf 87' lang='lat' dir='ltr'><strong>sit</strong></span> <span class='ocrx_word' id='word_1_410' title='bbox 495 3101 525 3158; x_wconf 91' lang='lat' dir='ltr'><strong>in</strong></span> <span class='ocrx_word' id='word_1_411' title='bbox 541 3101 633 3170; x_wconf 86' lang='lat' dir='ltr'><strong>vohis,</strong></span> <span class='ocrx_word' id='word_1_412' title='bbox 656 3101 706 3159; x_wconf 88' lang='lat' dir='ltr'><strong>sed</strong></span> <span class='ocrx_word' id='word_1_413' title='bbox 727 3101 785 3158; x_wconf 89' lang='lat' dir='ltr'><strong>Deo</strong></span> <span class='ocrx_word' id='word_1_414' title='bbox 810 3101 893 3174; x_wconf 84' lang='lat' dir='ltr'><strong>quasi</strong></span> <span class='ocrx_word' id='word_1_415' title='bbox 919 3102 1042 3160; x_wconf 88' lang='lat' dir='ltr'><strong>Domino</strong></span> <span class='ocrx_word' id='word_1_416' title='bbox 1098 3101 1225 3157; x_wconf 90' lang='lat' dir='ltr'><strong>randum</strong></span> <span class='ocrx_word' id='word_1_417' title='bbox 1238 3106 1283 3158; x_wconf 89' lang='lat' dir='ltr'><strong>est</strong></span> <span class='ocrx_word' id='word_1_418' title='bbox 1298 3100 1368 3175; x_wconf 90' lang='lat' dir='ltr'><strong>quia</strong></span> <span class='ocrx_word' id='word_1_419' title='bbox 1383 3101 1457 3160; x_wconf 89' lang='lat' dir='ltr'><strong>solet</strong></span> <span class='ocrx_word' id='word_1_420' title='bbox 1470 3099 1638 3176; x_wconf 82' lang='lat' dir='ltr'><strong>couting&#39;ere</strong></span> <span class='ocrx_word' id='word_1_421' title='bbox 1655 3109 1689 3160; x_wconf 90' lang='lat' dir='ltr'><strong>ut</strong></span> <span class='ocrx_word' id='word_1_422' title='bbox 1707 3105 1832 3178; x_wconf 77' lang='lat' dir='ltr'><strong>quedam</strong></span> <span class='ocrx_word' id='word_1_423' title='bbox 1850 3120 1902 3176; x_wconf 88' lang='lat' dir='ltr'><strong>pars</strong></span> 
     </span>
     <span class='ocr_line' id='line_1_35' title="bbox 219 3175 1901 3266; baseline -0.001 -18"><span class='ocrx_word' id='word_1_424' title='bbox 219 3190 308 3266; x_wconf 84' lang='lat' dir='ltr'><strong>digne</strong></span> <span class='ocrx_word' id='word_1_425' title='bbox 318 3190 411 3264; x_wconf 88' lang='lat' dir='ltr'><strong>justis</strong></span> <span class='ocrx_word' id='word_1_426' title='bbox 425 3194 454 3248; x_wconf 87' lang='lat' dir='ltr'><strong>et</strong></span> <span class='ocrx_word' id='word_1_427' title='bbox 468 3190 579 3248; x_wconf 87' lang='lat' dir='ltr'><strong>sanctis</strong></span> <span class='ocrx_word' id='word_1_428' title='bbox 603 3190 826 3264; x_wconf 88' lang='lat' dir='ltr'><strong>operibus,cum</strong></span> <span class='ocrx_word' id='word_1_429' title='bbox 849 3190 927 3248; x_wconf 90' lang='lat' dir='ltr'><strong>omni</strong></span> <span class='ocrx_word' id='word_1_430' title='bbox 938 3191 995 3248; x_wconf 83' lang='lat' dir='ltr'><strong>fide</strong></span> <span class='ocrx_word' id='word_1_431' title='bbox 1016 3175 1080 3248; x_wconf 84' lang='lat' dir='ltr'><strong>etC</strong></span> <span class='ocrx_word' id='word_1_432' title='bbox 1100 3192 1165 3263; x_wconf 86' lang='lat' dir='ltr'><strong>ejus</strong></span> <span class='ocrx_word' id='word_1_433' title='bbox 1180 3189 1346 3264; x_wconf 88' lang='lat' dir='ltr'><strong>specialiter</strong></span> <span class='ocrx_word' id='word_1_434' title='bbox 1361 3191 1396 3246; x_wconf 92' lang='lat' dir='ltr'><strong>ad</strong></span> <span class='ocrx_word' id='word_1_435' title='bbox 1413 3189 1584 3264; x_wconf 79' lang='lat' dir='ltr'><strong>discipulos,</strong></span> <span class='ocrx_word' id='word_1_436' title='bbox 1601 3189 1715 3266; x_wconf 91' lang='lat' dir='ltr'><strong>quibus</strong></span> <span class='ocrx_word' id='word_1_437' title='bbox 1741 3192 1901 3266; x_wconf 81' lang='lat' dir='ltr'><strong>corporaliter</strong></span> 
     </span>
     <span class='ocr_line' id='line_1_36' title="bbox 214 3277 1899 3357; baseline -0.001 -21"><span class='ocrx_word' id='word_1_438' title='bbox 214 3279 366 3338; x_wconf 86' lang='lat' dir='ltr'><strong>voluntate</strong></span> <span class='ocrx_word' id='word_1_439' title='bbox 381 3277 528 3336; x_wconf 87' lang='lat' dir='ltr'><strong>deservire</strong></span> <span class='ocrx_word' id='word_1_440' title='bbox 543 3279 719 3344; x_wconf 87' lang='lat' dir='ltr'><strong>contendite,</strong></span> <span class='ocrx_word' id='word_1_441' title='bbox 738 3301 752 3330; x_wconf 84' lang='grc' dir='ltr'><strong>ιι</strong></span> <span class='ocrx_word' id='word_1_442' title='bbox 768 3279 845 3336; x_wconf 91' lang='lat' dir='ltr'><strong>sieut</strong></span> <span class='ocrx_word' id='word_1_443' title='bbox 859 3279 933 3335; x_wconf 81' lang='lat' dir='ltr'><strong>servi</strong></span> <span class='ocrx_word' id='word_1_444' title='bbox 949 3277 1011 3350; x_wconf 88' lang='lat' dir='ltr'><strong>Dei,</strong></span> <span class='ocrx_word' id='word_1_445' title='bbox 1028 3303 1042 3330; x_wconf 75' lang='lat' dir='ltr'><strong>n</strong></span> <span class='ocrx_word' id='word_1_446' title='bbox 1097 3279 1282 3352; x_wconf 85' lang='lat' dir='ltr'><strong>loquebatur,</strong></span> <span class='ocrx_word' id='word_1_447' title='bbox 1299 3279 1452 3352; x_wconf 91' lang='lat' dir='ltr'><strong>pertineat,</strong></span> <span class='ocrx_word' id='word_1_448' title='bbox 1471 3280 1603 3352; x_wconf 79' lang='lat' dir='ltr'><strong>quedam</strong></span> <span class='ocrx_word' id='word_1_449' title='bbox 1618 3298 1692 3338; x_wconf 81' lang='lat' dir='ltr'><strong>vero</strong></span> <span class='ocrx_word' id='word_1_450' title='bbox 1705 3281 1866 3357; x_wconf 79' lang='lat' dir='ltr'><strong>generaliter</strong></span> <span class='ocrx_word' id='word_1_451' title='bbox 1874 3280 1899 3334; x_wconf 90' lang='lat' dir='ltr'><strong>nd</strong></span> 
     </span>
     <span class='ocr_line' id='line_1_37' title="bbox 214 3367 1901 3440; baseline -0.002 -14"><span class='ocrx_word' id='word_1_452' title='bbox 214 3385 282 3426; x_wconf 88' lang='lat' dir='ltr'><strong>oum</strong></span> <span class='ocrx_word' id='word_1_453' title='bbox 297 3368 439 3426; x_wconf 84' lang='lat' dir='ltr'><strong>charitate</strong></span> <span class='ocrx_word' id='word_1_454' title='bbox 454 3367 577 3424; x_wconf 87' lang='lat' dir='ltr'><strong>invicem</strong></span> <span class='ocrx_word' id='word_1_455' title='bbox 594 3367 734 3425; x_wconf 86' lang='lat' dir='ltr'><strong>omnibus</strong></span> <span class='ocrx_word' id='word_1_456' title='bbox 748 3372 867 3440; x_wconf 88' lang='lat' dir='ltr'><strong>propter</strong></span> <span class='ocrx_word' id='word_1_457' title='bbox 881 3367 972 3424; x_wconf 86' lang='lat' dir='ltr'><strong>ileum</strong></span> <span class='ocrx_word' id='word_1_458' title='bbox 992 3370 1041 3426; x_wconf 89' lang='lat' dir='ltr'><strong>de·</strong></span> <span class='ocrx_word' id='word_1_459' title='bbox 1097 3367 1292 3424; x_wconf 81' lang='lat' dir='ltr'><strong>universalem</strong></span> <span class='ocrx_word' id='word_1_460' title='bbox 1308 3367 1479 3425; x_wconf 75' lang='lat' dir='ltr'><strong>Ecclesiam.</strong></span> <span class='ocrx_word' id='word_1_461' title='bbox 1491 3369 1574 3435; x_wconf 87' lang='lat' dir='ltr'><strong>Quod</strong></span> <span class='ocrx_word' id='word_1_462' title='bbox 1591 3369 1620 3425; x_wconf 92' lang='lat' dir='ltr'><strong>in</strong></span> <span class='ocrx_word' id='word_1_463' title='bbox 1636 3369 1695 3429; x_wconf 90' lang='lat' dir='ltr'><strong>hae</strong></span> <span class='ocrx_word' id='word_1_464' title='bbox 1711 3371 1826 3428; x_wconf 82' lang='lat' dir='ltr'><strong>lectione</strong></span> <span class='ocrx_word' id='word_1_465' title='bbox 1836 3367 1901 3426; x_wconf 90' lang='lat' dir='ltr'><strong>iaeile</strong></span> 
     </span>
     <span class='ocr_line' id='line_1_38' title="bbox 214 3455 1901 3535; baseline -0.001 -23"><span class='ocrx_word' id='word_1_466' title='bbox 214 3456 310 3516; x_wconf 86' lang='lat' dir='ltr'><strong>bitum</strong></span> <span class='ocrx_word' id='word_1_467' title='bbox 323 3455 485 3529; x_wconf 85' lang='lat' dir='ltr'><strong>impendite</strong></span> <span class='ocrx_word' id='word_1_468' title='bbox 500 3455 663 3514; x_wconf 88' lang='lat' dir='ltr'><strong>servitium.</strong></span> <span class='ocrx_word' id='word_1_469' title='bbox 1097 3457 1312 3530; x_wconf 86' lang='lat' dir='ltr'><strong>comprobatur,</strong></span> <span class='ocrx_word' id='word_1_470' title='bbox 1329 3455 1354 3512; x_wconf 91' lang='lat' dir='ltr'><strong>si</strong></span> <span class='ocrx_word' id='word_1_471' title='bbox 1369 3461 1465 3513; x_wconf 80' lang='lat' dir='ltr'><strong>textus</strong></span> <span class='ocrx_word' id='word_1_472' title='bbox 1472 3457 1603 3529; x_wconf 86' lang='lat' dir='ltr'><strong>ejusdem</strong></span> <span class='ocrx_word' id='word_1_473' title='bbox 1613 3457 1901 3535; x_wconf 85' lang='lat' dir='ltr'><strong>diligentiusconside·</strong></span> 
     </span>
    </p>

    <p class='ocr_par' dir='ltr' id='par_1_5' title="bbox 208 3543 1949 5664">
     <span class='ocr_line' id='line_1_39' title="bbox 250 3543 1900 3621; baseline -0.001 -20"><span class='ocrx_word' id='word_1_474' title='bbox 250 3567 265 3594; x_wconf 85' lang='grc' dir='ltr'><strong>ιι</strong></span> <span class='ocrx_word' id='word_1_475' title='bbox 281 3544 388 3602; x_wconf 87' lang='lat' dir='ltr'><strong>Omnes</strong></span> <span class='ocrx_word' id='word_1_476' title='bbox 404 3543 573 3602; x_wconf 79' lang='lat' dir='ltr'><strong>honorate»</strong></span> <span class='ocrx_word' id='word_1_477' title='bbox 589 3543 1042 3616; x_wconf 87' lang='lat' dir='ltr'><strong>sccundumuniuseujusquedi-</strong></span> <span class='ocrx_word' id='word_1_478' title='bbox 1096 3551 1185 3602; x_wconf 84' lang='lat' dir='ltr'><strong>retur.</strong></span> <span class='ocrx_word' id='word_1_479' title='bbox 1199 3545 1279 3611; x_wconf 83' lang='lat' dir='ltr'><strong>Quod</strong></span> <span class='ocrx_word' id='word_1_480' title='bbox 1296 3544 1604 3604; x_wconf 83' lang='lat' dir='ltr'><strong>vercait:«biodicum</strong></span> <span class='ocrx_word' id='word_1_481' title='bbox 1616 3545 1900 3621; x_wconf 79' lang='lat' dir='ltr'><strong>etjemnonridehitis</strong></span> 
     </span>
     <span class='ocr_line' id='line_1_40' title="bbox 215 3631 1902 3712; baseline 0 -22"><span class='ocrx_word' id='word_1_482' title='bbox 215 3633 369 3708; x_wconf 89' lang='lat' dir='ltr'><strong>gnitatem,</strong></span> <span class='ocrx_word' id='word_1_483' title='bbox 383 3635 481 3690; x_wconf 87' lang='lat' dir='ltr'><strong>tamen</strong></span> <span class='ocrx_word' id='word_1_484' title='bbox 497 3632 677 3706; x_wconf 85' lang='lat' dir='ltr'><strong>pauperibus</strong></span> <span class='ocrx_word' id='word_1_485' title='bbox 692 3636 720 3688; x_wconf 89' lang='lat' dir='ltr'><strong>et</strong></span> <span class='ocrx_word' id='word_1_486' title='bbox 735 3631 857 3688; x_wconf 89' lang='lat' dir='ltr'><strong>minime</strong></span> <span class='ocrx_word' id='word_1_487' title='bbox 879 3632 1041 3692; x_wconf 86' lang='lat' dir='ltr'><strong>valentibus</strong></span> <span class='ocrx_word' id='word_1_488' title='bbox 1096 3652 1153 3702; x_wconf 89' lang='lat' dir='ltr'><strong>me,</strong></span> <span class='ocrx_word' id='word_1_489' title='bbox 1165 3640 1194 3691; x_wconf 85' lang='lat' dir='ltr'><strong>et</strong></span> <span class='ocrx_word' id='word_1_490' title='bbox 1206 3635 1314 3694; x_wconf 88' lang='lat' dir='ltr'><strong>iterum</strong></span> <span class='ocrx_word' id='word_1_491' title='bbox 1331 3634 1479 3691; x_wconf 90' lang='lat' dir='ltr'><strong>modicum</strong></span> <span class='ocrx_word' id='word_1_492' title='bbox 1495 3635 1755 3704; x_wconf 86' lang='lat' dir='ltr'><strong>ntvidebitisme,»</strong></span> <span class='ocrx_word' id='word_1_493' title='bbox 1762 3636 1902 3712; x_wconf 80' lang='lat' dir='ltr'><strong>specialiter</strong></span> 
     </span>
     <span class='ocr_line' id='line_1_41' title="bbox 214 3720 1901 3800; baseline -0.001 -21"><span class='ocrx_word' id='word_1_494' title='bbox 214 3721 346 3780; x_wconf 87' lang='lat' dir='ltr'><strong>studium</strong></span> <span class='ocrx_word' id='word_1_495' title='bbox 362 3721 524 3778; x_wconf 82' lang='lat' dir='ltr'><strong>maximum</strong></span> <span class='ocrx_word' id='word_1_496' title='bbox 548 3720 708 3794; x_wconf 88' lang='lat' dir='ltr'><strong>impendite</strong></span> <span class='ocrx_word' id='word_1_497' title='bbox 733 3720 892 3778; x_wconf 89' lang='lat' dir='ltr'><strong>serviendi:</strong></span> <span class='ocrx_word' id='word_1_498' title='bbox 919 3721 988 3796; x_wconf 89' lang='lat' dir='ltr'><strong>quie</strong></span> <span class='ocrx_word' id='word_1_499' title='bbox 1010 3721 1039 3779; x_wconf 91' lang='lat' dir='ltr'><strong>in</strong></span> <span class='ocrx_word' id='word_1_500' title='bbox 1095 3724 1131 3780; x_wconf 91' lang='lat' dir='ltr'><strong>ad</strong></span> <span class='ocrx_word' id='word_1_501' title='bbox 1146 3722 1307 3798; x_wconf 90' lang='lat' dir='ltr'><strong>discipulos</strong></span> <span class='ocrx_word' id='word_1_502' title='bbox 1321 3723 1458 3798; x_wconf 86' lang='lat' dir='ltr'><strong>pertinet,</strong></span> <span class='ocrx_word' id='word_1_503' title='bbox 1476 3724 1586 3797; x_wconf 86' lang='lat' dir='ltr'><strong>quibus</strong></span> <span class='ocrx_word' id='word_1_504' title='bbox 1601 3726 1901 3800; x_wconf 83' lang='lat' dir='ltr'><strong>pereorpcralemprn-</strong></span> 
     </span>
     <span class='ocr_line' id='line_1_42' title="bbox 213 3808 1901 3886; baseline -0.001 -20"><span class='ocrx_word' id='word_1_505' title='bbox 213 3809 287 3884; x_wconf 87' lang='lat' dir='ltr'><strong>ipsis</strong></span> <span class='ocrx_word' id='word_1_506' title='bbox 301 3808 435 3866; x_wconf 85' lang='lat' dir='ltr'><strong>Christus</strong></span> <span class='ocrx_word' id='word_1_507' title='bbox 448 3808 575 3866; x_wconf 79' lang='lat' dir='ltr'><strong>maxime</strong></span> <span class='ocrx_word' id='word_1_508' title='bbox 590 3808 760 3876; x_wconf 87' lang='lat' dir='ltr'><strong>honoratur,</strong></span> <span class='ocrx_word' id='word_1_509' title='bbox 773 3813 807 3865; x_wconf 94' lang='lat' dir='ltr'><strong>ut</strong></span> <span class='ocrx_word' id='word_1_510' title='bbox 820 3808 921 3882; x_wconf 88' lang='lat' dir='ltr'><strong>ipsein</strong></span> <span class='ocrx_word' id='word_1_511' title='bbox 928 3811 1039 3883; x_wconf 90' lang='lat' dir='ltr'><strong>judicio</strong></span> <span class='ocrx_word' id='word_1_512' title='bbox 1095 3813 1218 3871; x_wconf 89' lang='lat' dir='ltr'><strong>sentiam</strong></span> <span class='ocrx_word' id='word_1_513' title='bbox 1236 3813 1419 3886; x_wconf 90' lang='lat' dir='ltr'><strong>loquebatur.</strong></span> <span class='ocrx_word' id='word_1_514' title='bbox 1437 3813 1516 3878; x_wconf 83' lang='lat' dir='ltr'><strong>Quod</strong></span> <span class='ocrx_word' id='word_1_515' title='bbox 1533 3818 1632 3870; x_wconf 88' lang='lat' dir='ltr'><strong>autem</strong></span> <span class='ocrx_word' id='word_1_516' title='bbox 1648 3814 1712 3872; x_wconf 92' lang='lat' dir='ltr'><strong>illis</strong></span> <span class='ocrx_word' id='word_1_517' title='bbox 1735 3831 1790 3872; x_wconf 89' lang='lat' dir='ltr'><strong>non</strong></span> <span class='ocrx_word' id='word_1_518' title='bbox 1816 3811 1901 3870; x_wconf 88' lang='lat' dir='ltr'><strong>intelli-</strong></span> 
     </span>
     <span class='ocr_line' id='line_1_43' title="bbox 214 3896 1901 3978; baseline -0.001 -21"><span class='ocrx_word' id='word_1_519' title='bbox 214 3897 348 3958; x_wconf 88' lang='lat' dir='ltr'><strong>dicturus</strong></span> <span class='ocrx_word' id='word_1_520' title='bbox 362 3897 430 3954; x_wconf 90' lang='lat' dir='ltr'><strong>erit:</strong></span> <span class='ocrx_word' id='word_1_521' title='bbox 448 3921 463 3948; x_wconf 87' lang='grc' dir='ltr'><strong>ιι</strong></span> <span class='ocrx_word' id='word_1_522' title='bbox 480 3897 562 3964; x_wconf 81' lang='lat' dir='ltr'><strong>Quod</strong></span> <span class='ocrx_word' id='word_1_523' title='bbox 580 3897 629 3954; x_wconf 92' lang='lat' dir='ltr'><strong>uui</strong></span> <span class='ocrx_word' id='word_1_524' title='bbox 646 3915 680 3954; x_wconf 79' lang='lat' dir='ltr'><strong>en</strong></span> <span class='ocrx_word' id='word_1_525' title='bbox 692 3896 823 3954; x_wconf 90' lang='lat' dir='ltr'><strong>minimis</strong></span> <span class='ocrx_word' id='word_1_526' title='bbox 834 3899 907 3955; x_wconf 88' lang='lat' dir='ltr'><strong>meis</strong></span> <span class='ocrx_word' id='word_1_527' title='bbox 919 3898 1038 3969; x_wconf 83' lang='lat' dir='ltr'><strong>lecistis,</strong></span> <span class='ocrx_word' id='word_1_528' title='bbox 1094 3901 1231 3976; x_wconf 88' lang='lat' dir='ltr'><strong>gentihus</strong></span> <span class='ocrx_word' id='word_1_529' title='bbox 1246 3901 1370 3959; x_wconf 84' lang='lat' dir='ltr'><strong>interius</strong></span> <span class='ocrx_word' id='word_1_530' title='bbox 1385 3903 1530 3978; x_wconf 77' lang='lat' dir='ltr'><strong>exposuit,</strong></span> <span class='ocrx_word' id='word_1_531' title='bbox 1547 3903 1665 3960; x_wconf 89' lang='lat' dir='ltr'><strong>dicens:</strong></span> <span class='ocrx_word' id='word_1_532' title='bbox 1685 3929 1699 3958; x_wconf 84' lang='grc' dir='ltr'><strong>ιι</strong></span> <span class='ocrx_word' id='word_1_533' title='bbox 1717 3907 1817 3973; x_wconf 87' lang='lat' dir='ltr'><strong>Arnen,</strong></span> <span class='ocrx_word' id='word_1_534' title='bbox 1834 3917 1901 3958; x_wconf 88' lang='lat' dir='ltr'><strong>amen</strong></span> 
     </span>
     <span class='ocr_line' id='line_1_44' title="bbox 214 3985 1901 4065; baseline 0.005 -19"><span class='ocrx_word' id='word_1_535' title='bbox 214 3987 287 4046; x_wconf 86' lang='lat' dir='ltr'><strong>mihi</strong></span> <span class='ocrx_word' id='word_1_536' title='bbox 303 3985 412 4051; x_wconf 75' lang='lat' dir='ltr'><strong>lesistis</strong></span> <span class='ocrx_word' id='word_1_537' title='bbox 426 3987 531 4056; x_wconf 72' lang='lat' dir='ltr'><strong>(bottis.</strong></span> <span class='ocrx_word' id='word_1_538' title='bbox 548 3990 623 4058; x_wconf 81' lang='lat' dir='ltr'>xxv).</span> <span class='ocrx_word' id='word_1_539' title='bbox 641 3987 885 4060; x_wconf 76' lang='lat' dir='ltr'><strong>›rNamscquitum</strong></span> <span class='ocrx_word' id='word_1_540' title='bbox 899 4011 913 4038; x_wconf 88' lang='grc' dir='ltr'><strong>ιι</strong></span> <span class='ocrx_word' id='word_1_541' title='bbox 926 3989 1038 4045; x_wconf 85' lang='lat' dir='ltr'><strong>Frater·</strong></span> <span class='ocrx_word' id='word_1_542' title='bbox 1094 3989 1159 4048; x_wconf 92' lang='lat' dir='ltr'><strong>dico</strong></span> <span class='ocrx_word' id='word_1_543' title='bbox 1174 3991 1267 4058; x_wconf 87' lang='lat' dir='ltr'><strong>vobis,</strong></span> <span class='ocrx_word' id='word_1_544' title='bbox 1285 3991 1353 4065; x_wconf 89' lang='lat' dir='ltr'><strong>quia</strong></span> <span class='ocrx_word' id='word_1_545' title='bbox 1380 3990 1533 4063; x_wconf 86' lang='lat' dir='ltr'><strong>plorabitis</strong></span> <span class='ocrx_word' id='word_1_546' title='bbox 1558 3996 1587 4048; x_wconf 90' lang='lat' dir='ltr'><strong>et</strong></span> <span class='ocrx_word' id='word_1_547' title='bbox 1611 3991 1724 4050; x_wconf 88' lang='lat' dir='ltr'><strong>debitis</strong></span> <span class='ocrx_word' id='word_1_548' title='bbox 1745 4011 1804 4058; x_wconf 82' lang='lat' dir='ltr'><strong>ros,</strong></span> <span class='ocrx_word' id='word_1_549' title='bbox 1822 4017 1834 4042; x_wconf 75' lang='grc' dir='ltr'><strong>ιι</strong></span> <span class='ocrx_word' id='word_1_550' title='bbox 1847 3995 1901 4054; x_wconf 76' lang='lat' dir='ltr'><strong>etc.</strong></span> 
     </span>
     <span class='ocr_line' id='line_1_45' title="bbox 212 4075 1900 4156; baseline 0 -22"><span class='ocrx_word' id='word_1_551' title='bbox 212 4100 227 4128; x_wconf 87' lang='grc' dir='ltr'><strong>ιι</strong></span> <span class='ocrx_word' id='word_1_552' title='bbox 244 4077 365 4134; x_wconf 88' lang='lat' dir='ltr'><strong>uitatem</strong></span> <span class='ocrx_word' id='word_1_553' title='bbox 383 4075 511 4150; x_wconf 73' lang='lat' dir='ltr'><strong>diligite,</strong></span> <span class='ocrx_word' id='word_1_554' title='bbox 526 4081 592 4142; x_wconf 85' lang='lat' dir='ltr'><strong>»ut</strong></span> <span class='ocrx_word' id='word_1_555' title='bbox 606 4076 670 4150; x_wconf 89' lang='lat' dir='ltr'><strong>ipse</strong></span> <span class='ocrx_word' id='word_1_556' title='bbox 686 4076 867 4134; x_wconf 87' lang='lat' dir='ltr'><strong>Dominusin</strong></span> <span class='ocrx_word' id='word_1_557' title='bbox 883 4077 1038 4152; x_wconf 81' lang='lat' dir='ltr'><strong>Evangelio</strong></span> <span class='ocrx_word' id='word_1_558' title='bbox 1094 4095 1198 4153; x_wconf 87' lang='lat' dir='ltr'><strong>usque,</strong></span> <span class='ocrx_word' id='word_1_559' title='bbox 1215 4103 1229 4130; x_wconf 89' lang='grc' dir='ltr'><strong>ιι</strong></span> <span class='ocrx_word' id='word_1_560' title='bbox 1246 4083 1374 4140; x_wconf 86' lang='lat' dir='ltr'><strong>vertetur</strong></span> <span class='ocrx_word' id='word_1_561' title='bbox 1388 4079 1418 4135; x_wconf 90' lang='lat' dir='ltr'><strong>in</strong></span> <span class='ocrx_word' id='word_1_562' title='bbox 1429 4079 1900 4156; x_wconf 73' lang='lat' dir='ltr'><strong>gaudium„sieapostnlissperb·</strong></span> 
     </span>
     <span class='ocr_line' id='line_1_46' title="bbox 211 4165 1901 4244; baseline -0.002 -21"><span class='ocrx_word' id='word_1_563' title='bbox 211 4181 313 4224; x_wconf 87' lang='lat' dir='ltr'><strong>omnes</strong></span> <span class='ocrx_word' id='word_1_564' title='bbox 329 4165 433 4222; x_wconf 84' lang='lat' dir='ltr'><strong>iratres</strong></span> <span class='ocrx_word' id='word_1_565' title='bbox 449 4169 477 4221; x_wconf 94' lang='lat' dir='ltr'><strong>ot</strong></span> <span class='ocrx_word' id='word_1_566' title='bbox 492 4165 641 4238; x_wconf 86' lang='lat' dir='ltr'><strong>proximos</strong></span> <span class='ocrx_word' id='word_1_567' title='bbox 668 4181 732 4222; x_wconf 90' lang='lat' dir='ltr'><strong>csse</strong></span> <span class='ocrx_word' id='word_1_568' title='bbox 757 4165 895 4233; x_wconf 89' lang='lat' dir='ltr'><strong>ostendit,</strong></span> <span class='ocrx_word' id='word_1_569' title='bbox 922 4166 1036 4232; x_wconf 85' lang='lat' dir='ltr'><strong>dicens:</strong></span> <span class='ocrx_word' id='word_1_570' title='bbox 1093 4167 1159 4224; x_wconf 90' lang='lat' dir='ltr'><strong>liter</strong></span> <span class='ocrx_word' id='word_1_571' title='bbox 1174 4167 1319 4236; x_wconf 86' lang='lat' dir='ltr'><strong>convenit,</strong></span> <span class='ocrx_word' id='word_1_572' title='bbox 1335 4171 1368 4224; x_wconf 92' lang='lat' dir='ltr'><strong>ut</strong></span> <span class='ocrx_word' id='word_1_573' title='bbox 1383 4167 1470 4225; x_wconf 89' lang='lat' dir='ltr'><strong>etiam</strong></span> <span class='ocrx_word' id='word_1_574' title='bbox 1487 4168 1645 4227; x_wconf 86' lang='lat' dir='ltr'><strong>universali</strong></span> <span class='ocrx_word' id='word_1_575' title='bbox 1662 4169 1901 4244; x_wconf 79' lang='lat' dir='ltr'><strong>Ecclesiageuera·</strong></span> 
     </span>
     <span class='ocr_line' id='line_1_47' title="bbox 210 4254 1900 4332; baseline -0.004 -19"><span class='ocrx_word' id='word_1_576' title='bbox 210 4255 348 4313; x_wconf 80' lang='lat' dir='ltr'><strong>«Omnes</strong></span> <span class='ocrx_word' id='word_1_577' title='bbox 364 4254 919 4329; x_wconf 63' lang='lat' dir='ltr'><strong>euimvosiratresestis(bettharm),</strong></span> <span class='ocrx_word' id='word_1_578' title='bbox 936 4257 1038 4312; x_wconf 79' lang='lat' dir='ltr'><strong>»unde</strong></span> <span class='ocrx_word' id='word_1_579' title='bbox 1091 4255 1158 4312; x_wconf 89' lang='lat' dir='ltr'><strong>liter</strong></span> <span class='ocrx_word' id='word_1_580' title='bbox 1184 4259 1336 4332; x_wconf 78' lang='lat' dir='ltr'><strong>congruat,</strong></span> <span class='ocrx_word' id='word_1_581' title='bbox 1362 4255 1432 4330; x_wconf 86' lang='lat' dir='ltr'><strong>qrrie</strong></span> <span class='ocrx_word' id='word_1_582' title='bbox 1456 4273 1509 4330; x_wconf 87' lang='lat' dir='ltr'><strong>ego</strong></span> <span class='ocrx_word' id='word_1_583' title='bbox 1534 4273 1568 4313; x_wconf 89' lang='lat' dir='ltr'><strong>ea</strong></span> <span class='ocrx_word' id='word_1_584' title='bbox 1591 4275 1650 4330; x_wconf 86' lang='lat' dir='ltr'><strong>qua</strong></span> <span class='ocrx_word' id='word_1_585' title='bbox 1675 4259 1834 4316; x_wconf 84' lang='lat' dir='ltr'><strong>tradendus</strong></span> <span class='ocrx_word' id='word_1_586' title='bbox 1852 4256 1900 4311; x_wconf 89' lang='lat' dir='ltr'><strong>erat</strong></span> 
     </span>
     <span class='ocr_line' id='line_1_48' title="bbox 209 4343 1900 4418; baseline -0.001 -16"><span class='ocrx_word' id='word_1_587' title='bbox 209 4349 239 4402; x_wconf 91' lang='lat' dir='ltr'><strong>et</strong></span> <span class='ocrx_word' id='word_1_588' title='bbox 251 4344 372 4418; x_wconf 89' lang='lat' dir='ltr'><strong>diligere</strong></span> <span class='ocrx_word' id='word_1_589' title='bbox 388 4361 447 4418; x_wconf 42' lang='lat' dir='ltr'><strong>nos,</strong></span> <span class='ocrx_word' id='word_1_590' title='bbox 457 4343 755 4416; x_wconf 86' lang='lat' dir='ltr'><strong>invicemjubet,cum</strong></span> <span class='ocrx_word' id='word_1_591' title='bbox 765 4344 814 4400; x_wconf 91' lang='lat' dir='ltr'><strong>ait:</strong></span> <span class='ocrx_word' id='word_1_592' title='bbox 829 4367 842 4396; x_wconf 85' lang='grc' dir='ltr'><strong>ιι</strong></span> <span class='ocrx_word' id='word_1_593' title='bbox 854 4345 919 4401; x_wconf 82' lang='lat' dir='ltr'><strong>Haec</strong></span> <span class='ocrx_word' id='word_1_594' title='bbox 929 4347 1037 4403; x_wconf 90' lang='lat' dir='ltr'><strong>mando</strong></span> <span class='ocrx_word' id='word_1_595' title='bbox 1092 4349 1187 4412; x_wconf 89' lang='lat' dir='ltr'><strong>nocte,</strong></span> <span class='ocrx_word' id='word_1_596' title='bbox 1203 4344 1263 4401; x_wconf 79' lang='lat' dir='ltr'><strong>hee</strong></span> <span class='ocrx_word' id='word_1_597' title='bbox 1279 4343 1623 4418; x_wconf 89' lang='lat' dir='ltr'><strong>discipulisloquebatnr,</strong></span> <span class='ocrx_word' id='word_1_598' title='bbox 1638 4348 1900 4416; x_wconf 83' lang='lat' dir='ltr'><strong>modicumeratquo</strong></span> 
     </span>
     <span class='ocr_line' id='line_1_49' title="bbox 208 4431 1901 4508; baseline 0.001 -20"><span class='ocrx_word' id='word_1_599' title='bbox 208 4434 302 4504; x_wconf 88' lang='lat' dir='ltr'><strong>vohis,</strong></span> <span class='ocrx_word' id='word_1_600' title='bbox 319 4437 350 4490; x_wconf 92' lang='lat' dir='ltr'><strong>ut</strong></span> <span class='ocrx_word' id='word_1_601' title='bbox 365 4431 495 4508; x_wconf 88' lang='lat' dir='ltr'><strong>diligatis</strong></span> <span class='ocrx_word' id='word_1_602' title='bbox 511 4432 636 4492; x_wconf 85' lang='lat' dir='ltr'><strong>invicem</strong></span> <span class='ocrx_word' id='word_1_603' title='bbox 653 4434 840 4503; x_wconf 62' lang='lat' dir='ltr'><strong>[loramxvlpi</strong></span> <span class='ocrx_word' id='word_1_604' title='bbox 856 4439 885 4490; x_wconf 86' lang='lat' dir='ltr'><strong>et</strong></span> <span class='ocrx_word' id='word_1_605' title='bbox 898 4434 1035 4492; x_wconf 87' lang='lat' dir='ltr'><strong>Joaunes:</strong></span> <span class='ocrx_word' id='word_1_606' title='bbox 1092 4450 1159 4490; x_wconf 90' lang='lat' dir='ltr'><strong>eum</strong></span> <span class='ocrx_word' id='word_1_607' title='bbox 1175 4431 1265 4490; x_wconf 91' lang='lat' dir='ltr'><strong>visuri</strong></span> <span class='ocrx_word' id='word_1_608' title='bbox 1280 4451 1338 4490; x_wconf 90' lang='lat' dir='ltr'><strong>nou</strong></span> <span class='ocrx_word' id='word_1_609' title='bbox 1353 4437 1447 4504; x_wconf 87' lang='lat' dir='ltr'><strong>eraut,</strong></span> <span class='ocrx_word' id='word_1_610' title='bbox 1466 4433 1604 4506; x_wconf 87' lang='lat' dir='ltr'><strong>quoniam</strong></span> <span class='ocrx_word' id='word_1_611' title='bbox 1621 4435 1686 4508; x_wconf 88' lang='lat' dir='ltr'><strong>ipsa</strong></span> <span class='ocrx_word' id='word_1_612' title='bbox 1697 4441 1782 4492; x_wconf 89' lang='lat' dir='ltr'><strong>nocte</strong></span> <span class='ocrx_word' id='word_1_613' title='bbox 1793 4447 1901 4504; x_wconf 75' lang='lat' dir='ltr'><strong>compro·</strong></span> 
     </span>
     <span class='ocr_line' id='line_1_50' title="bbox 211 4517 1949 4610; baseline -0.004 -32"><span class='ocrx_word' id='word_1_614' title='bbox 211 4542 225 4573; x_wconf 82' lang='grc' dir='ltr'><strong>ιι</strong></span> <span class='ocrx_word' id='word_1_615' title='bbox 241 4521 295 4590; x_wconf 86' lang='lat' dir='ltr'><strong>Oui</strong></span> <span class='ocrx_word' id='word_1_616' title='bbox 312 4522 431 4578; x_wconf 82' lang='lat' dir='ltr'><strong>tratrem</strong></span> <span class='ocrx_word' id='word_1_617' title='bbox 449 4539 537 4578; x_wconf 90' lang='lat' dir='ltr'><strong>suum</strong></span> <span class='ocrx_word' id='word_1_618' title='bbox 553 4539 640 4594; x_wconf 87' lang='lat' dir='ltr'><strong>quem</strong></span> <span class='ocrx_word' id='word_1_619' title='bbox 656 4521 734 4578; x_wconf 84' lang='lat' dir='ltr'><strong>videt</strong></span> <span class='ocrx_word' id='word_1_620' title='bbox 749 4538 807 4578; x_wconf 92' lang='lat' dir='ltr'><strong>non</strong></span> <span class='ocrx_word' id='word_1_621' title='bbox 823 4521 929 4596; x_wconf 87' lang='lat' dir='ltr'><strong>diligit,</strong></span> <span class='ocrx_word' id='word_1_622' title='bbox 944 4524 1036 4580; x_wconf 88' lang='lat' dir='ltr'><strong>Deum</strong></span> <span class='ocrx_word' id='word_1_623' title='bbox 1051 4543 1075 4610; x_wconf 74' lang='lat' dir='ltr'><strong>p</strong></span> <span class='ocrx_word' id='word_1_624' title='bbox 1091 4522 1211 4592; x_wconf 80' lang='lat' dir='ltr'><strong>bersae,</strong></span> <span class='ocrx_word' id='word_1_625' title='bbox 1229 4526 1258 4578; x_wconf 92' lang='lat' dir='ltr'><strong>et</strong></span> <span class='ocrx_word' id='word_1_626' title='bbox 1271 4522 1301 4578; x_wconf 92' lang='lat' dir='ltr'><strong>in</strong></span> <span class='ocrx_word' id='word_1_627' title='bbox 1317 4522 1658 4590; x_wconf 85' lang='lat' dir='ltr'><strong>crastiuocrucitixus,in</strong></span> <span class='ocrx_word' id='word_1_628' title='bbox 1671 4517 1900 4598; x_wconf 88' lang='lat' dir='ltr'><strong>srpuleroestrol·</strong></span> <span class='ocrx_word' id='word_1_629' title='bbox 1948 4551 1949 4584; x_wconf 80' lang='lat'><strong>,</strong></span> 
     </span>
     <span class='ocr_line' id='line_1_51' title="bbox 209 4610 1900 4685; baseline -0.003 -18"><span class='ocrx_word' id='word_1_630' title='bbox 209 4627 298 4683; x_wconf 80' lang='lat' dir='ltr'><strong>quem</strong></span> <span class='ocrx_word' id='word_1_631' title='bbox 314 4627 371 4668; x_wconf 90' lang='lat' dir='ltr'><strong>non</strong></span> <span class='ocrx_word' id='word_1_632' title='bbox 387 4611 466 4668; x_wconf 86' lang='lat' dir='ltr'><strong>videt</strong></span> <span class='ocrx_word' id='word_1_633' title='bbox 481 4611 628 4682; x_wconf 90' lang='lat' dir='ltr'><strong>quomodo</strong></span> <span class='ocrx_word' id='word_1_634' title='bbox 644 4614 740 4684; x_wconf 91' lang='lat' dir='ltr'><strong>potest</strong></span> <span class='ocrx_word' id='word_1_635' title='bbox 755 4610 895 4684; x_wconf 78' lang='lat' dir='ltr'><strong>diligeret</strong></span> <span class='ocrx_word' id='word_1_636' title='bbox 919 4613 942 4682; x_wconf 92' lang='lat' dir='ltr'><strong>(l</strong></span> <span class='ocrx_word' id='word_1_637' title='bbox 954 4615 1033 4670; x_wconf 72' lang='lat' dir='ltr'><strong>icen.</strong></span> <span class='ocrx_word' id='word_1_638' title='bbox 1090 4610 1214 4680; x_wconf 90' lang='lat' dir='ltr'><strong>loeutus,</strong></span> <span class='ocrx_word' id='word_1_639' title='bbox 1230 4616 1259 4668; x_wconf 92' lang='lat' dir='ltr'><strong>et</strong></span> <span class='ocrx_word' id='word_1_640' title='bbox 1275 4615 1346 4668; x_wconf 90' lang='lat' dir='ltr'><strong>tunc</strong></span> <span class='ocrx_word' id='word_1_641' title='bbox 1361 4616 1512 4685; x_wconf 84' lang='lat' dir='ltr'><strong>creperuut</strong></span> <span class='ocrx_word' id='word_1_642' title='bbox 1531 4629 1598 4668; x_wconf 91' lang='lat' dir='ltr'><strong>oum</strong></span> <span class='ocrx_word' id='word_1_643' title='bbox 1624 4629 1683 4668; x_wconf 88' lang='lat' dir='ltr'><strong>non</strong></span> <span class='ocrx_word' id='word_1_644' title='bbox 1698 4613 1805 4670; x_wconf 84' lang='lat' dir='ltr'><strong>videre.</strong></span> <span class='ocrx_word' id='word_1_645' title='bbox 1828 4610 1900 4666; x_wconf 85' lang='lat' dir='ltr'><strong>liccte</strong></span> 
     </span>
     <span class='ocr_line' id='line_1_52' title="bbox 209 4698 1900 4774; baseline -0.002 -18"><span class='ocrx_word' id='word_1_646' title='bbox 209 4700 260 4773; x_wconf 81' lang='lat' dir='ltr'>lv.)</span> <span class='ocrx_word' id='word_1_647' title='bbox 278 4721 291 4750; x_wconf 81' lang='lat' dir='ltr'><strong>c</strong></span> <span class='ocrx_word' id='word_1_648' title='bbox 308 4699 382 4764; x_wconf 86' lang='lat' dir='ltr'><strong>Quia</strong></span> <span class='ocrx_word' id='word_1_649' title='bbox 395 4715 448 4756; x_wconf 90' lang='lat' dir='ltr'><strong>uec</strong></span> <span class='ocrx_word' id='word_1_650' title='bbox 462 4699 540 4756; x_wconf 89' lang='lat' dir='ltr'><strong>Deus</strong></span> <span class='ocrx_word' id='word_1_651' title='bbox 555 4716 620 4756; x_wconf 82' lang='lat' dir='ltr'><strong>vere</strong></span> <span class='ocrx_word' id='word_1_652' title='bbox 635 4699 698 4756; x_wconf 88' lang='lat' dir='ltr'><strong>sine</strong></span> <span class='ocrx_word' id='word_1_653' title='bbox 710 4699 853 4772; x_wconf 86' lang='lat' dir='ltr'><strong>proximo,</strong></span> <span class='ocrx_word' id='word_1_654' title='bbox 870 4717 922 4756; x_wconf 91' lang='lat' dir='ltr'><strong>nec</strong></span> <span class='ocrx_word' id='word_1_655' title='bbox 938 4703 1035 4773; x_wconf 88' lang='lat' dir='ltr'><strong>proxi·</strong></span> <span class='ocrx_word' id='word_1_656' title='bbox 1089 4717 1157 4757; x_wconf 88' lang='lat' dir='ltr'><strong>vcro</strong></span> <span class='ocrx_word' id='word_1_657' title='bbox 1172 4717 1206 4757; x_wconf 88' lang='lat' dir='ltr'><strong>ae</strong></span> <span class='ocrx_word' id='word_1_658' title='bbox 1221 4699 1724 4774; x_wconf 82' lang='lat' dir='ltr'><strong>dissequentisepuleroquiescens,</strong></span> <span class='ocrx_word' id='word_1_659' title='bbox 1734 4698 1900 4772; x_wconf 83' lang='lat' dir='ltr'><strong>meurpriurs</strong></span> 
     </span>
     <span class='ocr_line' id='line_1_53' title="bbox 209 4782 1949 4868; baseline -0.006 -22"><span class='ocrx_word' id='word_1_660' title='bbox 209 4805 356 4846; x_wconf 75' lang='lat' dir='ltr'><strong>moenere</strong></span> <span class='ocrx_word' id='word_1_661' title='bbox 371 4787 506 4864; x_wconf 88' lang='lat' dir='ltr'><strong>diligitur</strong></span> <span class='ocrx_word' id='word_1_662' title='bbox 521 4788 584 4844; x_wconf 88' lang='lat' dir='ltr'><strong>siue</strong></span> <span class='ocrx_word' id='word_1_663' title='bbox 600 4792 673 4856; x_wconf 83' lang='lat' dir='ltr'><strong>Dec;</strong></span> <span class='ocrx_word' id='word_1_664' title='bbox 690 4791 719 4844; x_wconf 89' lang='lat' dir='ltr'><strong>et</strong></span> <span class='ocrx_word' id='word_1_665' title='bbox 731 4786 853 4845; x_wconf 90' lang='lat' dir='ltr'><strong>Paulus:</strong></span> <span class='ocrx_word' id='word_1_666' title='bbox 877 4810 891 4839; x_wconf 88' lang='grc' dir='ltr'><strong>ιι</strong></span> <span class='ocrx_word' id='word_1_667' title='bbox 914 4789 1035 4848; x_wconf 88' lang='lat' dir='ltr'><strong>Dilectio</strong></span> <span class='ocrx_word' id='word_1_668' title='bbox 1090 4788 1205 4847; x_wconf 90' lang='lat' dir='ltr'><strong>sabbati</strong></span> <span class='ocrx_word' id='word_1_669' title='bbox 1220 4789 1389 4858; x_wconf 84' lang='lat' dir='ltr'><strong>resurrexit,</strong></span> <span class='ocrx_word' id='word_1_670' title='bbox 1405 4792 1434 4845; x_wconf 89' lang='lat' dir='ltr'><strong>et</strong></span> <span class='ocrx_word' id='word_1_671' title='bbox 1449 4788 1605 4864; x_wconf 88' lang='lat' dir='ltr'><strong>discipulis</strong></span> <span class='ocrx_word' id='word_1_672' title='bbox 1617 4790 1722 4863; x_wconf 86' lang='lat' dir='ltr'><strong>januis</strong></span> <span class='ocrx_word' id='word_1_673' title='bbox 1738 4807 1795 4846; x_wconf 90' lang='lat' dir='ltr'><strong>non</strong></span> <span class='ocrx_word' id='word_1_674' title='bbox 1810 4782 1900 4860; x_wconf 87' lang='lat' dir='ltr'><strong>opertis</strong></span> <span class='ocrx_word' id='word_1_675' title='bbox 1948 4829 1949 4868; x_wconf 77' lang='lat'><strong>,</strong></span> 
     </span>
     <span class='ocr_line' id='line_1_54' title="bbox 209 4873 1899 4954; baseline 0.002 -23"><span class='ocrx_word' id='word_1_676' title='bbox 209 4874 332 4948; x_wconf 82' lang='lat' dir='ltr'><strong>proximi</strong></span> <span class='ocrx_word' id='word_1_677' title='bbox 349 4873 869 4948; x_wconf 71' lang='lat' dir='ltr'><strong>maiumnouoperaturtilom.x1n).u</strong></span> <span class='ocrx_word' id='word_1_678' title='bbox 882 4875 1035 4936; x_wconf 87' lang='lat' dir='ltr'><strong>Plenitudo</strong></span> <span class='ocrx_word' id='word_1_679' title='bbox 1091 4879 1236 4954; x_wconf 87' lang='lat' dir='ltr'><strong>apparuit.</strong></span> <span class='ocrx_word' id='word_1_680' title='bbox 1253 4878 1899 4952; x_wconf 73' lang='lat' dir='ltr'><strong>stveeertetuturumeratmonteumquocuu</strong></span> 
     </span>
     <span class='ocr_line' id='line_1_55' title="bbox 209 4962 1949 5040; baseline 0 -22"><span class='ocrx_word' id='word_1_681' title='bbox 209 4979 277 5036; x_wconf 89' lang='lat' dir='ltr'><strong>ergo</strong></span> <span class='ocrx_word' id='word_1_682' title='bbox 293 4962 366 5038; x_wconf 89' lang='lat' dir='ltr'><strong>legis</strong></span> <span class='ocrx_word' id='word_1_683' title='bbox 381 4968 426 5022; x_wconf 88' lang='lat' dir='ltr'><strong>cst</strong></span> <span class='ocrx_word' id='word_1_684' title='bbox 440 4963 568 5022; x_wconf 89' lang='lat' dir='ltr'><strong>dileetio.</strong></span> <span class='ocrx_word' id='word_1_685' title='bbox 583 4987 598 5016; x_wconf 82' lang='grc' dir='ltr'><strong>ιι</strong></span> <span class='ocrx_word' id='word_1_686' title='bbox 615 4965 707 5021; x_wconf 85' lang='lat' dir='ltr'><strong>Deum</strong></span> <span class='ocrx_word' id='word_1_687' title='bbox 715 4964 825 5033; x_wconf 88' lang='lat' dir='ltr'><strong>timete,</strong></span> <span class='ocrx_word' id='word_1_688' title='bbox 837 4981 934 5040; x_wconf 87' lang='lat' dir='ltr'><strong>regem</strong></span> <span class='ocrx_word' id='word_1_689' title='bbox 946 4967 1035 5024; x_wconf 92' lang='lat' dir='ltr'><strong>hono·</strong></span> <span class='ocrx_word' id='word_1_690' title='bbox 1089 4967 1180 5024; x_wconf 87' lang='lat' dir='ltr'><strong>visuri</strong></span> <span class='ocrx_word' id='word_1_691' title='bbox 1196 4971 1289 5036; x_wconf 90' lang='lat' dir='ltr'><strong>eraut,</strong></span> <span class='ocrx_word' id='word_1_692' title='bbox 1307 4968 1425 5040; x_wconf 85' lang='lat' dir='ltr'><strong>quando</strong></span> <span class='ocrx_word' id='word_1_693' title='bbox 1440 4971 1507 5040; x_wconf 90' lang='lat' dir='ltr'><strong>post</strong></span> <span class='ocrx_word' id='word_1_694' title='bbox 1522 4967 1768 5026; x_wconf 85' lang='lat' dir='ltr'><strong>resurrectionem</strong></span> <span class='ocrx_word' id='word_1_695' title='bbox 1783 4979 1898 5040; x_wconf 86' lang='lat' dir='ltr'><strong>perque·</strong></span> <span class='ocrx_word' id='word_1_696' title='bbox 1948 4973 1949 4982; x_wconf 60' lang='lat'>¹</span> 
     </span>
     <span class='ocr_line' id='line_1_56' title="bbox 211 5049 1898 5132; baseline 0.002 -35"><span class='ocrx_word' id='word_1_697' title='bbox 211 5070 225 5098; x_wconf 82' lang='grc' dir='ltr'><strong>ιι</strong></span> <span class='ocrx_word' id='word_1_698' title='bbox 242 5049 385 5109; x_wconf 78' lang='lat' dir='ltr'><strong>ridente.»</strong></span> <span class='ocrx_word' id='word_1_699' title='bbox 392 5051 564 5128; x_wconf 87' lang='lat' dir='ltr'><strong>llouetergc</strong></span> <span class='ocrx_word' id='word_1_700' title='bbox 571 5052 855 5128; x_wconf 89' lang='lat' dir='ltr'><strong>congruumcunctis</strong></span> <span class='ocrx_word' id='word_1_701' title='bbox 866 5053 1034 5128; x_wconf 88' lang='lat' dir='ltr'><strong>impendere</strong></span> <span class='ocrx_word' id='word_1_702' title='bbox 1089 5057 1224 5131; x_wconf 87' lang='lat' dir='ltr'><strong>draginta</strong></span> <span class='ocrx_word' id='word_1_703' title='bbox 1236 5055 1441 5114; x_wconf 87' lang='lat' dir='ltr'><strong>tautummodo</strong></span> <span class='ocrx_word' id='word_1_704' title='bbox 1457 5056 1519 5113; x_wconf 91' lang='lat' dir='ltr'><strong>dies</strong></span> <span class='ocrx_word' id='word_1_705' title='bbox 1534 5056 1564 5112; x_wconf 93' lang='lat' dir='ltr'><strong>in</strong></span> <span class='ocrx_word' id='word_1_706' title='bbox 1580 5049 1898 5132; x_wconf 87' lang='lat' dir='ltr'><strong>multisargnmentiseis</strong></span> 
     </span>
     <span class='ocr_line' id='line_1_57' title="bbox 209 5136 1897 5220; baseline 0 -25"><span class='ocrx_word' id='word_1_707' title='bbox 209 5136 361 5207; x_wconf 87' lang='lat' dir='ltr'><strong>honorem,</strong></span> <span class='ocrx_word' id='word_1_708' title='bbox 377 5143 406 5196; x_wconf 89' lang='lat' dir='ltr'><strong>et</strong></span> <span class='ocrx_word' id='word_1_709' title='bbox 416 5142 502 5213; x_wconf 82' lang='lat' dir='ltr'><strong>juxta</strong></span> <span class='ocrx_word' id='word_1_710' title='bbox 515 5142 673 5218; x_wconf 89' lang='lat' dir='ltr'><strong>imperium</strong></span> <span class='ocrx_word' id='word_1_711' title='bbox 689 5141 814 5210; x_wconf 84' lang='lat' dir='ltr'><strong>Domini,</strong></span> <span class='ocrx_word' id='word_1_712' title='bbox 840 5143 946 5201; x_wconf 79' lang='lat' dir='ltr'><strong>Caesari</strong></span> <span class='ocrx_word' id='word_1_713' title='bbox 971 5163 1035 5219; x_wconf 76' lang='lat' dir='ltr'><strong>quae</strong></span> <span class='ocrx_word' id='word_1_714' title='bbox 1091 5162 1245 5220; x_wconf 88' lang='lat' dir='ltr'><strong>apparens,</strong></span> <span class='ocrx_word' id='word_1_715' title='bbox 1256 5144 1482 5220; x_wconf 81' lang='lat' dir='ltr'><strong>quadragesimo</strong></span> <span class='ocrx_word' id='word_1_716' title='bbox 1498 5145 1545 5200; x_wconf 90' lang='lat' dir='ltr'><strong>die</strong></span> <span class='ocrx_word' id='word_1_717' title='bbox 1559 5143 1618 5202; x_wconf 91' lang='lat' dir='ltr'><strong>illis</strong></span> <span class='ocrx_word' id='word_1_718' title='bbox 1633 5145 1798 5204; x_wconf 81' lang='lat' dir='ltr'><strong>videntibus</strong></span> <span class='ocrx_word' id='word_1_719' title='bbox 1810 5144 1837 5199; x_wconf 89' lang='lat' dir='ltr'><strong>iu</strong></span> <span class='ocrx_word' id='word_1_720' title='bbox 1851 5157 1897 5195; x_wconf 76' lang='lat' dir='ltr'><strong>cre·</strong></span> 
     </span>
     <span class='ocr_line' id='line_1_58' title="bbox 210 5223 1619 5312; baseline 0.006 -30"><span class='ocrx_word' id='word_1_721' title='bbox 210 5223 332 5282; x_wconf 78' lang='lat' dir='ltr'><strong>unsaris</strong></span> <span class='ocrx_word' id='word_1_722' title='bbox 348 5231 426 5294; x_wconf 89' lang='lat' dir='ltr'><strong>suut,</strong></span> <span class='ocrx_word' id='word_1_723' title='bbox 444 5231 473 5284; x_wconf 88' lang='lat' dir='ltr'><strong>et</strong></span> <span class='ocrx_word' id='word_1_724' title='bbox 489 5233 544 5287; x_wconf 83' lang='lat' dir='ltr'><strong>[tec</strong></span> <span class='ocrx_word' id='word_1_725' title='bbox 560 5231 681 5289; x_wconf 88' lang='lat' dir='ltr'><strong>reddere</strong></span> <span class='ocrx_word' id='word_1_726' title='bbox 696 5249 760 5306; x_wconf 76' lang='lat' dir='ltr'><strong>que</strong></span> <span class='ocrx_word' id='word_1_727' title='bbox 771 5231 822 5288; x_wconf 91' lang='lat' dir='ltr'><strong>Dei</strong></span> <span class='ocrx_word' id='word_1_728' title='bbox 837 5236 916 5291; x_wconf 85' lang='lat' dir='ltr'><strong>sunt.</strong></span> <span class='ocrx_word' id='word_1_729' title='bbox 930 5233 987 5312; x_wconf 72' lang='lat' dir='ltr'><strong>Qui</strong></span> <span class='ocrx_word' id='word_1_730' title='bbox 1001 5234 1035 5290; x_wconf 91' lang='lat' dir='ltr'><strong>ti·</strong></span> <span class='ocrx_word' id='word_1_731' title='bbox 1089 5234 1152 5291; x_wconf 88' lang='lat' dir='ltr'><strong>lum</strong></span> <span class='ocrx_word' id='word_1_732' title='bbox 1167 5234 1308 5292; x_wconf 88' lang='lat' dir='ltr'><strong>aseendit.</strong></span> <span class='ocrx_word' id='word_1_733' title='bbox 1326 5233 1408 5290; x_wconf 87' lang='lat' dir='ltr'><strong>Unde</strong></span> <span class='ocrx_word' id='word_1_734' title='bbox 1423 5237 1451 5291; x_wconf 90' lang='lat' dir='ltr'><strong>et</strong></span> <span class='ocrx_word' id='word_1_735' title='bbox 1466 5233 1619 5291; x_wconf 86' lang='lat' dir='ltr'><strong>subditur:</strong></span> 
     </span>
     <span class='ocr_line' id='line_1_59' title="bbox 211 5311 1949 5398; baseline -0.001 -28"><span class='ocrx_word' id='word_1_736' title='bbox 211 5317 388 5380; x_wconf 75' lang='lat' dir='ltr'><strong>matheum,</strong></span> <span class='ocrx_word' id='word_1_737' title='bbox 405 5315 581 5376; x_wconf 87' lang='lat' dir='ltr'><strong>iaeitbcna:</strong></span> <span class='ocrx_word' id='word_1_738' title='bbox 606 5319 675 5392; x_wconf 88' lang='lat' dir='ltr'><strong>quin</strong></span> <span class='ocrx_word' id='word_1_739' title='bbox 697 5343 710 5371; x_wconf 77' lang='grc' dir='ltr'><strong>ιι</strong></span> <span class='ocrx_word' id='word_1_740' title='bbox 730 5319 847 5378; x_wconf 91' lang='lat' dir='ltr'><strong>initium</strong></span> <span class='ocrx_word' id='word_1_741' title='bbox 874 5321 1034 5395; x_wconf 77' lang='lat' dir='ltr'><strong>sapientie,</strong></span> <span class='ocrx_word' id='word_1_742' title='bbox 1125 5346 1139 5398; x_wconf 76' lang='grc' dir='ltr'><strong>ιι</strong></span> <span class='ocrx_word' id='word_1_743' title='bbox 1157 5322 1230 5392; x_wconf 83' lang='lat' dir='ltr'><strong>Quia</strong></span> <span class='ocrx_word' id='word_1_744' title='bbox 1245 5323 1316 5378; x_wconf 88' lang='lat' dir='ltr'><strong>vado</strong></span> <span class='ocrx_word' id='word_1_745' title='bbox 1332 5323 1367 5377; x_wconf 90' lang='lat' dir='ltr'><strong>ad</strong></span> <span class='ocrx_word' id='word_1_746' title='bbox 1384 5321 1509 5378; x_wconf 89' lang='lat' dir='ltr'><strong>Patrem.</strong></span> <span class='ocrx_word' id='word_1_747' title='bbox 1528 5345 1542 5372; x_wconf 76' lang='lat' dir='ltr'><strong>c</strong></span> <span class='ocrx_word' id='word_1_748' title='bbox 1558 5317 1897 5390; x_wconf 82' lang='lat' dir='ltr'><strong>Quoduondedivinitate</strong></span> <span class='ocrx_word' id='word_1_749' title='bbox 1948 5311 1949 5320; x_wconf 75' lang='grc'>’</span> 
     </span>
     <span class='ocr_line' id='line_1_60' title="bbox 209 5400 1898 5483; baseline 0.001 -25"><span class='ocrx_word' id='word_1_750' title='bbox 209 5400 298 5458; x_wconf 91' lang='lat' dir='ltr'><strong>timor</strong></span> <span class='ocrx_word' id='word_1_751' title='bbox 314 5400 426 5457; x_wconf 84' lang='lat' dir='ltr'><strong>Domini</strong></span> <span class='ocrx_word' id='word_1_752' title='bbox 442 5404 536 5474; x_wconf 80' lang='lat' dir='ltr'><strong>(Ereti.</strong></span> <span class='ocrx_word' id='word_1_753' title='bbox 553 5405 620 5480; x_wconf 78' lang='lat' dir='ltr'><strong>xri).</strong></span> <span class='ocrx_word' id='word_1_754' title='bbox 638 5429 652 5456; x_wconf 78' lang='lat' dir='ltr'><strong>n</strong></span> <span class='ocrx_word' id='word_1_755' title='bbox 661 5407 700 5464; x_wconf 87' lang='lat' dir='ltr'><strong>De</strong></span> <span class='ocrx_word' id='word_1_756' title='bbox 715 5406 819 5464; x_wconf 90' lang='lat' dir='ltr'><strong>timore</strong></span> <span class='ocrx_word' id='word_1_757' title='bbox 827 5408 942 5466; x_wconf 88' lang='lat' dir='ltr'><strong>Domini</strong></span> <span class='ocrx_word' id='word_1_758' title='bbox 950 5427 1036 5468; x_wconf 89' lang='lat' dir='ltr'><strong>omne</strong></span> <span class='ocrx_word' id='word_1_759' title='bbox 1091 5412 1142 5469; x_wconf 90' lang='lat' dir='ltr'><strong>sed</strong></span> <span class='ocrx_word' id='word_1_760' title='bbox 1158 5412 1193 5468; x_wconf 87' lang='lat' dir='ltr'><strong>de</strong></span> <span class='ocrx_word' id='word_1_761' title='bbox 1208 5409 1391 5468; x_wconf 87' lang='lat' dir='ltr'><strong>humanitate</strong></span> <span class='ocrx_word' id='word_1_762' title='bbox 1406 5409 1546 5483; x_wconf 88' lang='lat' dir='ltr'><strong>loquitur.</strong></span> <span class='ocrx_word' id='word_1_763' title='bbox 1563 5411 1670 5470; x_wconf 87' lang='lat' dir='ltr'><strong>lterum</strong></span> <span class='ocrx_word' id='word_1_764' title='bbox 1685 5429 1715 5468; x_wconf 88' lang='lat' dir='ltr'><strong>se</strong></span> <span class='ocrx_word' id='word_1_765' title='bbox 1732 5410 1801 5466; x_wconf 88' lang='lat' dir='ltr'><strong>dicit</strong></span> <span class='ocrx_word' id='word_1_766' title='bbox 1817 5409 1853 5464; x_wconf 86' lang='lat' dir='ltr'><strong>ire</strong></span> <span class='ocrx_word' id='word_1_767' title='bbox 1870 5401 1898 5458; x_wconf 88' lang='lat' dir='ltr'><strong>ad</strong></span> 
     </span>
     <span class='ocr_line' id='line_1_61' title="bbox 210 5489 1899 5574; baseline 0.002 -26"><span class='ocrx_word' id='word_1_768' title='bbox 210 5491 320 5548; x_wconf 89' lang='lat' dir='ltr'><strong>bonum</strong></span> <span class='ocrx_word' id='word_1_769' title='bbox 337 5489 477 5560; x_wconf 88' lang='lat' dir='ltr'><strong>nescitur,</strong></span> <span class='ocrx_word' id='word_1_770' title='bbox 494 5496 523 5548; x_wconf 89' lang='lat' dir='ltr'><strong>et</strong></span> <span class='ocrx_word' id='word_1_771' title='bbox 537 5494 733 5564; x_wconf 88' lang='lat' dir='ltr'><strong>pertimerem</strong></span> <span class='ocrx_word' id='word_1_772' title='bbox 746 5497 860 5553; x_wconf 86' lang='lat' dir='ltr'><strong>Domini</strong></span> <span class='ocrx_word' id='word_1_773' title='bbox 874 5499 1037 5556; x_wconf 89' lang='lat' dir='ltr'><strong>omnismn·</strong></span> <span class='ocrx_word' id='word_1_774' title='bbox 1091 5501 1206 5558; x_wconf 88' lang='lat' dir='ltr'><strong>Patrem</strong></span> <span class='ocrx_word' id='word_1_775' title='bbox 1222 5517 1274 5574; x_wconf 90' lang='lat' dir='ltr'><strong>per</strong></span> <span class='ocrx_word' id='word_1_776' title='bbox 1286 5499 1514 5569; x_wconf 89' lang='lat' dir='ltr'><strong>humanitatem,</strong></span> <span class='ocrx_word' id='word_1_777' title='bbox 1530 5517 1547 5556; x_wconf 91' lang='lat' dir='ltr'><strong>a</strong></span> <span class='ocrx_word' id='word_1_778' title='bbox 1562 5517 1621 5574; x_wconf 90' lang='lat' dir='ltr'><strong>quc</strong></span> <span class='ocrx_word' id='word_1_779' title='bbox 1637 5518 1691 5558; x_wconf 90' lang='lat' dir='ltr'><strong>non</strong></span> <span class='ocrx_word' id='word_1_780' title='bbox 1706 5495 1839 5556; x_wconf 82' lang='lat' dir='ltr'><strong>discessit</strong></span> <span class='ocrx_word' id='word_1_781' title='bbox 1858 5507 1899 5565; x_wconf 73' lang='lat' dir='ltr'><strong>prr</strong></span> 
     </span>
     <span class='ocr_line' id='line_1_62' title="bbox 209 5579 1896 5664; baseline 0 -24"><span class='ocrx_word' id='word_1_782' title='bbox 209 5579 274 5640; x_wconf 85' lang='lat' dir='ltr'><strong>litia</strong></span> <span class='ocrx_word' id='word_1_783' title='bbox 287 5579 416 5640; x_wconf 90' lang='lat' dir='ltr'><strong>bominis</strong></span> <span class='ocrx_word' id='word_1_784' title='bbox 429 5585 595 5640; x_wconf 84' lang='lat' dir='ltr'><strong>evacuatur.</strong></span> <span class='ocrx_word' id='word_1_785' title='bbox 612 5583 684 5649; x_wconf 87' lang='lat' dir='ltr'><strong>Quia</strong></span> <span class='ocrx_word' id='word_1_786' title='bbox 700 5585 749 5658; x_wconf 91' lang='lat' dir='ltr'><strong>qui</strong></span> <span class='ocrx_word' id='word_1_787' title='bbox 765 5585 849 5642; x_wconf 88' lang='lat' dir='ltr'><strong>timet</strong></span> <span class='ocrx_word' id='word_1_788' title='bbox 865 5588 1038 5658; x_wconf 90' lang='lat' dir='ltr'><strong>Deum,dili-</strong></span> <span class='ocrx_word' id='word_1_789' title='bbox 1092 5589 1285 5658; x_wconf 86' lang='lat' dir='ltr'><strong>divinitatem,</strong></span> <span class='ocrx_word' id='word_1_790' title='bbox 1303 5589 1380 5646; x_wconf 88' lang='lat' dir='ltr'><strong>sicut</strong></span> <span class='ocrx_word' id='word_1_791' title='bbox 1398 5588 1461 5662; x_wconf 90' lang='lat' dir='ltr'><strong>ipse</strong></span> <span class='ocrx_word' id='word_1_792' title='bbox 1484 5589 1540 5646; x_wconf 91' lang='lat' dir='ltr'><strong>ait:</strong></span> <span class='ocrx_word' id='word_1_793' title='bbox 1558 5613 1572 5640; x_wconf 89' lang='grc' dir='ltr'><strong>ιι</strong></span> <span class='ocrx_word' id='word_1_794' title='bbox 1589 5591 1647 5664; x_wconf 79' lang='lat' dir='ltr'><strong>Ego</strong></span> <span class='ocrx_word' id='word_1_795' title='bbox 1662 5593 1689 5647; x_wconf 90' lang='lat' dir='ltr'><strong>et</strong></span> <span class='ocrx_word' id='word_1_796' title='bbox 1712 5589 1797 5646; x_wconf 89' lang='lat' dir='ltr'><strong>Pater</strong></span> <span class='ocrx_word' id='word_1_797' title='bbox 1819 5595 1896 5640; x_wconf 83' lang='lat' dir='ltr'><strong>unum</strong></span> 
     </span>
    </p>
   </div>
   <div class='ocr_carea' id='block_1_5' title="bbox 0 0 1980 6165">
    <p class='ocr_par' dir='ltr' id='par_1_6' title="bbox 0 0 1980 6165">
     <span class='ocr_line' id='line_1_63' title="bbox 0 0 1980 6165; baseline 0 0"><span class='ocrx_word' id='word_1_798' title='bbox 0 0 1980 6165; x_wconf 95' lang='lat' dir='ltr'><strong> </strong></span> 
     </span>
    </p>
   </div>
  </div>
 </body>
</html>
