<?xml version="1.0" encoding="UTF-8"?>
<!DOCTYPE html PUBLIC "-//W3C//DTD XHTML 1.0 Transitional//EN"
    "http://www.w3.org/TR/xhtml1/DTD/xhtml1-transitional.dtd">
<html xmlns="http://www.w3.org/1999/xhtml" xml:lang="en" lang="en">
 <head>
  <title>
</title>
<meta http-equiv="Content-Type" content="text/html;charset=utf-8" />
  <meta name='ocr-system' content='tesseract 3.04.00' />
  <meta name='ocr-capabilities' content='ocr_page ocr_carea ocr_par ocr_line ocrx_word'/>
</head>
<body>
  <div class='ocr_page' id='page_1' title='image "./patrologiaecurs109unkngoog_0106.png"; bbox 0 0 3930 6172; ppageno 0'>
   <div class='ocr_carea' id='block_1_1' title="bbox 21 2576 25 2749">
    <p class='ocr_par' dir='ltr' id='par_1_1' title="bbox 21 2576 25 2749">
     <span class='ocr_line' id='line_1_1' title="bbox 21 2576 24 2665; baseline 0 -5"><span class='ocrx_word' id='word_1_1' title='bbox 21 2576 24 2665; x_wconf 86' lang='lat' dir='ltr'>l</span> 
     </span>
     <span class='ocr_line' id='line_1_2' title="bbox 21 2668 25 2749; baseline 0 0"><span class='ocrx_word' id='word_1_2' title='bbox 21 2668 25 2749; x_wconf 91' lang='lat' dir='ltr'>l</span> 
     </span>
    </p>
   </div>
   <div class='ocr_carea' id='block_1_2' title="bbox 72 319 1767 390">
    <p class='ocr_par' dir='ltr' id='par_1_2' title="bbox 72 319 1767 390">
     <span class='ocr_line' id='line_1_3' title="bbox 72 319 1767 390; baseline 0.003 -6"><span class='ocrx_word' id='word_1_3' title='bbox 72 325 115 384; x_wconf 74' lang='lat' dir='ltr'>iDl</span> <span class='ocrx_word' id='word_1_4' title='bbox 674 319 849 382; x_wconf 81' lang='lat' dir='ltr'>llDbllLlAE</span> <span class='ocrx_word' id='word_1_5' title='bbox 872 319 921 380; x_wconf 79' lang='lat' dir='ltr'>bb</span> <span class='ocrx_word' id='word_1_6' title='bbox 943 319 1141 382; x_wconf 76' lang='lat' dir='ltr'>t‘ettt’otttt.</span> <span class='ocrx_word' id='word_1_7' title='bbox 1702 329 1767 390; x_wconf 62' lang='lat'>202</span> 
     </span>
    </p>
   </div>
   <div class='ocr_carea' id='block_1_3' title="bbox 71 429 1761 534">
    <p class='ocr_par' dir='ltr' id='par_1_3' title="bbox 71 429 1761 534">
     <span class='ocr_line' id='line_1_4' title="bbox 71 429 1761 534; baseline 0.004 -20"><span class='ocrx_word' id='word_1_8' title='bbox 71 455 293 515; x_wconf 81' lang='lat' dir='ltr'>durobnminem</span> <span class='ocrx_word' id='word_1_9' title='bbox 306 454 460 532; x_wconf 85' lang='lat' dir='ltr'>redempti,</span> <span class='ocrx_word' id='word_1_10' title='bbox 477 455 524 511; x_wconf 92' lang='lat' dir='ltr'>bis</span> <span class='ocrx_word' id='word_1_11' title='bbox 539 455 635 512; x_wconf 89' lang='lat' dir='ltr'>tribus</span> <span class='ocrx_word' id='word_1_12' title='bbox 655 453 750 512; x_wconf 88' lang='lat' dir='ltr'>rnodis</span> <span class='ocrx_word' id='word_1_13' title='bbox 770 458 882 510; x_wconf 86' lang='lat' dir='ltr'>tentare</span> <span class='ocrx_word' id='word_1_14' title='bbox 896 453 925 520; x_wconf 70' lang='grc' dir='ltr'><strong>Α</strong></span> <span class='ocrx_word' id='word_1_15' title='bbox 940 469 998 526; x_wconf 94' lang='lat' dir='ltr'>qua</span> <span class='ocrx_word' id='word_1_16' title='bbox 1026 455 1176 527; x_wconf 74' lang='lat' dir='ltr'>Scriptura</span> <span class='ocrx_word' id='word_1_17' title='bbox 1202 453 1346 512; x_wconf 87' lang='lat' dir='ltr'>translata</span> <span class='ocrx_word' id='word_1_18' title='bbox 1372 460 1428 525; x_wconf 88' lang='lat' dir='ltr'>est,</span> <span class='ocrx_word' id='word_1_19' title='bbox 1455 429 1655 532; x_wconf 66' lang='lat' dir='ltr'>attendenda:</span> <span class='ocrx_word' id='word_1_20' title='bbox 1682 463 1761 534; x_wconf 90' lang='lat' dir='ltr'>apud</span> 
     </span>
    </p>
   </div>
   <div class='ocr_carea' id='block_1_4' title="bbox 68 541 1768 1066">
    <p class='ocr_par' dir='ltr' id='par_1_4' title="bbox 68 541 1768 1066">
     <span class='ocr_line' id='line_1_5' title="bbox 71 541 1764 619; baseline 0.003 -19"><span class='ocrx_word' id='word_1_21' title='bbox 71 563 117 602; x_wconf 91' lang='lat' dir='ltr'>non</span> <span class='ocrx_word' id='word_1_22' title='bbox 131 549 233 612; x_wconf 85' lang='lat' dir='ltr'>cessat,</span> <span class='ocrx_word' id='word_1_23' title='bbox 248 544 378 602; x_wconf 67' lang='lat' dir='ltr'>mamone</span> <span class='ocrx_word' id='word_1_24' title='bbox 392 544 458 602; x_wconf 88' lang='lat' dir='ltr'>istis</span> <span class='ocrx_word' id='word_1_25' title='bbox 468 543 884 618; x_wconf 77' lang='lat' dir='ltr'>Diebusquadragesirnae,quo</span> <span class='ocrx_word' id='word_1_26' title='bbox 939 541 1053 600; x_wconf 76' lang='lat' dir='ltr'>Grecos</span> <span class='ocrx_word' id='word_1_27' title='bbox 1068 543 1317 602; x_wconf 88' lang='lat' dir='ltr'>servitusduobus</span> <span class='ocrx_word' id='word_1_28' title='bbox 1330 543 1425 602; x_wconf 89' lang='lat' dir='ltr'>modis</span> <span class='ocrx_word' id='word_1_29' title='bbox 1437 545 1558 604; x_wconf 89' lang='lat' dir='ltr'>dieitur:</span> <span class='ocrx_word' id='word_1_30' title='bbox 1570 548 1764 619; x_wconf 68' lang='lat' dir='ltr'>diciturenim</span> 
     </span>
     <span class='ocr_line' id='line_1_6' title="bbox 68 630 1767 708; baseline 0.005 -18"><span class='ocrx_word' id='word_1_31' title='bbox 68 639 184 690; x_wconf 74' lang='lat' dir='ltr'>amaena</span> <span class='ocrx_word' id='word_1_32' title='bbox 200 633 372 708; x_wconf 76' lang='lat' dir='ltr'>religionem</span> <span class='ocrx_word' id='word_1_33' title='bbox 389 633 552 692; x_wconf 86' lang='lat' dir='ltr'>studiosius</span> <span class='ocrx_word' id='word_1_34' title='bbox 562 631 886 708; x_wconf 83' lang='lat' dir='ltr'>ergaamorernDeilor.</span> <span class='ocrx_word' id='word_1_35' title='bbox 938 630 1048 696; x_wconf 67' lang='grc' dir='ltr'>λττρτίτ,</span> <span class='ocrx_word' id='word_1_36' title='bbox 1071 632 1179 688; x_wconf 90' lang='lat' dir='ltr'>dicitur</span> <span class='ocrx_word' id='word_1_37' title='bbox 1193 637 1222 690; x_wconf 92' lang='lat' dir='ltr'>et</span> <span class='ocrx_word' id='word_1_38' title='bbox 1247 632 1352 683; x_wconf 71' lang='lat' dir='ltr'>teutria.</span> <span class='ocrx_word' id='word_1_39' title='bbox 1369 635 1425 692; x_wconf 84' lang='lat' dir='ltr'>Sed</span> <span class='ocrx_word' id='word_1_40' title='bbox 1449 635 1616 701; x_wconf 64' lang='lat' dir='ltr'>terpeteius</span> <span class='ocrx_word' id='word_1_41' title='bbox 1640 638 1767 699; x_wconf 76' lang='lat' dir='ltr'>servitus</span> 
     </span>
     <span class='ocr_line' id='line_1_7' title="bbox 69 720 1764 800; baseline 0.004 -20"><span class='ocrx_word' id='word_1_42' title='bbox 69 740 121 782; x_wconf 88' lang='lat' dir='ltr'>rere</span> <span class='ocrx_word' id='word_1_43' title='bbox 133 723 217 780; x_wconf 89' lang='lat' dir='ltr'>videt.</span> <span class='ocrx_word' id='word_1_44' title='bbox 234 722 309 782; x_wconf 87' lang='lat' dir='ltr'>Gula</span> <span class='ocrx_word' id='word_1_45' title='bbox 323 722 416 798; x_wconf 85' lang='lat' dir='ltr'>igitur</span> <span class='ocrx_word' id='word_1_46' title='bbox 433 740 487 780; x_wconf 87' lang='lat' dir='ltr'>nos</span> <span class='ocrx_word' id='word_1_47' title='bbox 503 726 607 790; x_wconf 90' lang='lat' dir='ltr'>tentat,</span> <span class='ocrx_word' id='word_1_48' title='bbox 632 739 700 780; x_wconf 91' lang='lat' dir='ltr'>eum</span> <span class='ocrx_word' id='word_1_49' title='bbox 721 721 766 778; x_wconf 92' lang='lat' dir='ltr'>vel</span> <span class='ocrx_word' id='word_1_50' title='bbox 781 722 884 779; x_wconf 88' lang='lat' dir='ltr'>horem</span> <span class='ocrx_word' id='word_1_51' title='bbox 939 725 983 776; x_wconf 89' lang='lat' dir='ltr'>est</span> <span class='ocrx_word' id='word_1_52' title='bbox 997 737 1061 794; x_wconf 84' lang='lat' dir='ltr'>quae</span> <span class='ocrx_word' id='word_1_53' title='bbox 1075 720 1129 778; x_wconf 86' lang='lat' dir='ltr'>soli</span> <span class='ocrx_word' id='word_1_54' title='bbox 1146 722 1203 779; x_wconf 89' lang='lat' dir='ltr'>Deo</span> <span class='ocrx_word' id='word_1_55' title='bbox 1218 723 1342 780; x_wconf 91' lang='lat' dir='ltr'>debetur</span> <span class='ocrx_word' id='word_1_56' title='bbox 1356 743 1408 798; x_wconf 89' lang='lat' dir='ltr'>per</span> <span class='ocrx_word' id='word_1_57' title='bbox 1431 725 1578 782; x_wconf 91' lang='lat' dir='ltr'>culturam</span> <span class='ocrx_word' id='word_1_58' title='bbox 1603 731 1633 800; x_wconf 74' lang='lat' dir='ltr'>ot</span> <span class='ocrx_word' id='word_1_59' title='bbox 1644 743 1764 786; x_wconf 84' lang='lat' dir='ltr'>venere.-</span> 
     </span>
     <span class='ocr_line' id='line_1_8' title="bbox 68 807 1768 888; baseline 0.002 -18"><span class='ocrx_word' id='word_1_60' title='bbox 68 812 242 872; x_wconf 84' lang='lat' dir='ltr'>eonstitatam</span> <span class='ocrx_word' id='word_1_61' title='bbox 268 813 441 871; x_wconf 74' lang='lat' dir='ltr'>antecedere</span> <span class='ocrx_word' id='word_1_62' title='bbox 463 812 633 885; x_wconf 84' lang='lat' dir='ltr'>persuadet,</span> <span class='ocrx_word' id='word_1_63' title='bbox 660 810 703 868; x_wconf 92' lang='lat' dir='ltr'>vel</span> <span class='ocrx_word' id='word_1_64' title='bbox 728 812 764 868; x_wconf 91' lang='lat' dir='ltr'>ad</span> <span class='ocrx_word' id='word_1_65' title='bbox 781 810 883 866; x_wconf 86' lang='lat' dir='ltr'>horam</span> <span class='ocrx_word' id='word_1_66' title='bbox 938 807 1059 874; x_wconf 89' lang='lat' dir='ltr'>tionem,</span> <span class='ocrx_word' id='word_1_67' title='bbox 1075 826 1134 882; x_wconf 89' lang='lat' dir='ltr'>qua</span> <span class='ocrx_word' id='word_1_68' title='bbox 1149 813 1261 868; x_wconf 88' lang='lat' dir='ltr'>auctori</span> <span class='ocrx_word' id='word_1_69' title='bbox 1275 819 1305 870; x_wconf 92' lang='lat' dir='ltr'>et</span> <span class='ocrx_word' id='word_1_70' title='bbox 1319 814 1464 878; x_wconf 76' lang='lat' dir='ltr'>poeniteri</span> <span class='ocrx_word' id='word_1_71' title='bbox 1480 815 1623 872; x_wconf 81' lang='lat' dir='ltr'>omnium.</span> <span class='ocrx_word' id='word_1_72' title='bbox 1640 815 1722 872; x_wconf 88' lang='lat' dir='ltr'>Unde</span> <span class='ocrx_word' id='word_1_73' title='bbox 1736 821 1768 888; x_wconf 84' lang='lat' dir='ltr'>et</span> 
     </span>
     <span class='ocr_line' id='line_1_9' title="bbox 72 891 1767 975; baseline -0.003 -17"><span class='ocrx_word' id='word_1_74' title='bbox 72 900 243 958; x_wconf 71' lang='lat' dir='ltr'>constitutam</span> <span class='ocrx_word' id='word_1_75' title='bbox 260 917 351 974; x_wconf 85' lang='lat' dir='ltr'>super</span> <span class='ocrx_word' id='word_1_76' title='bbox 365 918 535 963; x_wconf 87' lang='lat' dir='ltr'>mensuram</span> <span class='ocrx_word' id='word_1_77' title='bbox 551 898 886 968; x_wconf 86' lang='lat' dir='ltr'>edendum,etdeliciesa</span> <span class='ocrx_word' id='word_1_78' title='bbox 939 891 1138 960; x_wconf 71' lang='grc' dir='ltr'>τῖὃωλῡλττρείατ</span> <span class='ocrx_word' id='word_1_79' title='bbox 1157 916 1263 956; x_wconf 91' lang='lat' dir='ltr'>nomen</span> <span class='ocrx_word' id='word_1_80' title='bbox 1289 902 1483 975; x_wconf 84' lang='lat' dir='ltr'>compositum</span> <span class='ocrx_word' id='word_1_81' title='bbox 1510 908 1555 960; x_wconf 78' lang='lat' dir='ltr'>est</span> <span class='ocrx_word' id='word_1_82' title='bbox 1576 920 1611 960; x_wconf 79' lang='lat' dir='ltr'>ex</span> <span class='ocrx_word' id='word_1_83' title='bbox 1626 903 1723 960; x_wconf 67' lang='lat' dir='ltr'>:Dahae</span> <span class='ocrx_word' id='word_1_84' title='bbox 1738 909 1767 962; x_wconf 71' lang='lat' dir='ltr'>at</span> 
     </span>
     <span class='ocr_line' id='line_1_10' title="bbox 69 983 1768 1066; baseline 0.005 -23"><span class='ocrx_word' id='word_1_85' title='bbox 69 991 104 1046; x_wconf 82' lang='lat' dir='ltr'>vel</span> <span class='ocrx_word' id='word_1_86' title='bbox 117 989 260 1064; x_wconf 87' lang='lat' dir='ltr'>supertlua</span> <span class='ocrx_word' id='word_1_87' title='bbox 275 989 412 1066; x_wconf 75' lang='lat' dir='ltr'>convivia</span> <span class='ocrx_word' id='word_1_88' title='bbox 426 991 558 1064; x_wconf 84' lang='lat' dir='ltr'>suggerit</span> <span class='ocrx_word' id='word_1_89' title='bbox 571 989 717 1046; x_wconf 86' lang='lat' dir='ltr'>exhibere.</span> <span class='ocrx_word' id='word_1_90' title='bbox 742 989 797 1046; x_wconf 87' lang='lat' dir='ltr'>Sed</span> <span class='ocrx_word' id='word_1_91' title='bbox 814 988 837 1046; x_wconf 89' lang='lat' dir='ltr'>si</span> <span class='ocrx_word' id='word_1_92' title='bbox 854 987 883 1043; x_wconf 92' lang='lat' dir='ltr'>in</span> <span class='ocrx_word' id='word_1_93' title='bbox 937 983 1038 1050; x_wconf 69' lang='grc' dir='ltr'>λττρτῐτ</span> <span class='ocrx_word' id='word_1_94' title='bbox 1053 1003 1059 1032; x_wconf 83' lang='grc' dir='ltr'>τ</span> <span class='ocrx_word' id='word_1_95' title='bbox 1073 1003 1106 1042; x_wconf 93' lang='lat' dir='ltr'>eo</span> <span class='ocrx_word' id='word_1_96' title='bbox 1128 989 1205 1060; x_wconf 91' lang='lat' dir='ltr'>quod</span> <span class='ocrx_word' id='word_1_97' title='bbox 1230 987 1371 1048; x_wconf 86' lang='lat' dir='ltr'>honorem</span> <span class='ocrx_word' id='word_1_98' title='bbox 1385 997 1414 1047; x_wconf 91' lang='lat' dir='ltr'>et</span> <span class='ocrx_word' id='word_1_99' title='bbox 1437 992 1606 1052; x_wconf 86' lang='lat' dir='ltr'>servitutem</span> <span class='ocrx_word' id='word_1_100' title='bbox 1628 993 1682 1052; x_wconf 88' lang='lat' dir='ltr'>soli</span> <span class='ocrx_word' id='word_1_101' title='bbox 1707 998 1768 1057; x_wconf 85' lang='lat' dir='ltr'>Deo</span> 
     </span>
    </p>
   </div>
   <div class='ocr_carea' id='block_1_5' title="bbox 65 1077 884 1777">
    <p class='ocr_par' dir='ltr' id='par_1_5' title="bbox 65 1077 884 1777">
     <span class='ocr_line' id='line_1_11' title="bbox 67 1077 882 1150; baseline -0.002 -16"><span class='ocrx_word' id='word_1_102' title='bbox 67 1079 201 1150; x_wconf 80' lang='lat' dir='ltr'>harperte</span> <span class='ocrx_word' id='word_1_103' title='bbox 217 1095 270 1134; x_wconf 87' lang='lat' dir='ltr'>nos</span> <span class='ocrx_word' id='word_1_104' title='bbox 290 1083 393 1136; x_wconf 78' lang='lat' dir='ltr'>eautm</span> <span class='ocrx_word' id='word_1_105' title='bbox 418 1079 571 1149; x_wconf 82' lang='lat' dir='ltr'>invenerit,</span> <span class='ocrx_word' id='word_1_106' title='bbox 596 1078 689 1136; x_wconf 87' lang='lat' dir='ltr'>teniat</span> <span class='ocrx_word' id='word_1_107' title='bbox 710 1095 763 1150; x_wconf 89' lang='lat' dir='ltr'>per</span> <span class='ocrx_word' id='word_1_108' title='bbox 788 1077 882 1134; x_wconf 86' lang='lat' dir='ltr'>ovari-</span> 
     </span>
     <span class='ocr_line' id='line_1_12' title="bbox 67 1165 883 1242; baseline -0.004 -19"><span class='ocrx_word' id='word_1_109' title='bbox 67 1169 138 1234; x_wconf 86' lang='lat' dir='ltr'>tisor,</span> <span class='ocrx_word' id='word_1_110' title='bbox 153 1172 183 1224; x_wconf 91' lang='lat' dir='ltr'>ut</span> <span class='ocrx_word' id='word_1_111' title='bbox 197 1167 308 1224; x_wconf 88' lang='lat' dir='ltr'>seilicet</span> <span class='ocrx_word' id='word_1_112' title='bbox 318 1169 396 1242; x_wconf 89' lang='lat' dir='ltr'>quod</span> <span class='ocrx_word' id='word_1_113' title='bbox 403 1168 517 1240; x_wconf 88' lang='lat' dir='ltr'>corpori</span> <span class='ocrx_word' id='word_1_114' title='bbox 526 1165 728 1224; x_wconf 76' lang='lat' dir='ltr'>subtrahimus</span> <span class='ocrx_word' id='word_1_115' title='bbox 737 1165 883 1240; x_wconf 89' lang='lat' dir='ltr'>pernhsti-</span> 
     </span>
     <span class='ocr_line' id='line_1_13' title="bbox 66 1256 882 1330; baseline 0 -18"><span class='ocrx_word' id='word_1_116' title='bbox 66 1258 191 1321; x_wconf 86' lang='lat' dir='ltr'>rentiam,</span> <span class='ocrx_word' id='word_1_117' title='bbox 209 1274 266 1312; x_wconf 92' lang='lat' dir='ltr'>non</span> <span class='ocrx_word' id='word_1_118' title='bbox 282 1257 460 1330; x_wconf 87' lang='lat' dir='ltr'>pauperibus</span> <span class='ocrx_word' id='word_1_119' title='bbox 475 1273 633 1330; x_wconf 84' lang='lat' dir='ltr'>erogemus</span> <span class='ocrx_word' id='word_1_120' title='bbox 648 1256 882 1328; x_wconf 87' lang='lat' dir='ltr'>perlargitatem,</span> 
     </span>
     <span class='ocr_line' id='line_1_14' title="bbox 69 1343 882 1417; baseline -0.004 -16"><span class='ocrx_word' id='word_1_121' title='bbox 69 1347 112 1406; x_wconf 87' lang='lat' dir='ltr'>sed</span> <span class='ocrx_word' id='word_1_122' title='bbox 126 1345 208 1402; x_wconf 87' lang='lat' dir='ltr'>nobis</span> <span class='ocrx_word' id='word_1_123' title='bbox 223 1344 253 1401; x_wconf 91' lang='lat' dir='ltr'>in</span> <span class='ocrx_word' id='word_1_124' title='bbox 268 1349 420 1417; x_wconf 84' lang='lat' dir='ltr'>posterum</span> <span class='ocrx_word' id='word_1_125' title='bbox 436 1343 882 1416; x_wconf 84' lang='lat' dir='ltr'>reservemuspercupiditetem.</span> 
     </span>
     <span class='ocr_line' id='line_1_15' title="bbox 67 1431 884 1505; baseline -0.005 -15"><span class='ocrx_word' id='word_1_126' title='bbox 67 1436 91 1490; x_wconf 90' lang='lat' dir='ltr'>Si</span> <span class='ocrx_word' id='word_1_127' title='bbox 105 1451 166 1490; x_wconf 86' lang='lat' dir='ltr'>vero</span> <span class='ocrx_word' id='word_1_128' title='bbox 179 1451 231 1490; x_wconf 90' lang='lat' dir='ltr'>nee</span> <span class='ocrx_word' id='word_1_129' title='bbox 248 1433 278 1491; x_wconf 90' lang='lat' dir='ltr'>ia</span> <span class='ocrx_word' id='word_1_130' title='bbox 294 1431 349 1492; x_wconf 90' lang='lat' dir='ltr'>hoo</span> <span class='ocrx_word' id='word_1_131' title='bbox 365 1451 542 1492; x_wconf 87' lang='lat' dir='ltr'>consensum</span> <span class='ocrx_word' id='word_1_132' title='bbox 557 1433 583 1490; x_wconf 88' lang='lat' dir='ltr'>ei</span> <span class='ocrx_word' id='word_1_133' title='bbox 593 1431 884 1505; x_wconf 64' lang='lat' dir='ltr'>prebuerimosten-</span> 
     </span>
     <span class='ocr_line' id='line_1_16' title="bbox 69 1522 881 1598; baseline -0.002 -20"><span class='ocrx_word' id='word_1_134' title='bbox 69 1527 103 1578; x_wconf 90' lang='lat' dir='ltr'>tat</span> <span class='ocrx_word' id='word_1_135' title='bbox 117 1541 166 1598; x_wconf 86' lang='lat' dir='ltr'>per</span> <span class='ocrx_word' id='word_1_136' title='bbox 177 1540 282 1580; x_wconf 88' lang='lat' dir='ltr'>vanam</span> <span class='ocrx_word' id='word_1_137' title='bbox 297 1522 435 1596; x_wconf 80' lang='lat' dir='ltr'>glorians,</span> <span class='ocrx_word' id='word_1_138' title='bbox 450 1527 482 1579; x_wconf 92' lang='lat' dir='ltr'>ut</span> <span class='ocrx_word' id='word_1_139' title='bbox 496 1524 527 1578; x_wconf 92' lang='lat' dir='ltr'>in</span> <span class='ocrx_word' id='word_1_140' title='bbox 550 1539 585 1578; x_wconf 89' lang='lat' dir='ltr'>eo</span> <span class='ocrx_word' id='word_1_141' title='bbox 600 1522 677 1596; x_wconf 90' lang='lat' dir='ltr'>quod</span> <span class='ocrx_word' id='word_1_142' title='bbox 697 1522 881 1594; x_wconf 88' lang='lat' dir='ltr'>jejunamus,</span> 
     </span>
     <span class='ocr_line' id='line_1_17' title="bbox 65 1609 883 1686; baseline -0.004 -19"><span class='ocrx_word' id='word_1_143' title='bbox 65 1613 102 1668; x_wconf 86' lang='lat' dir='ltr'>vel</span> <span class='ocrx_word' id='word_1_144' title='bbox 117 1612 252 1686; x_wconf 85' lang='lat' dir='ltr'>largiores</span> <span class='ocrx_word' id='word_1_145' title='bbox 267 1611 468 1685; x_wconf 78' lang='lat' dir='ltr'>eleemosynas</span> <span class='ocrx_word' id='word_1_146' title='bbox 484 1611 655 1678; x_wconf 82' lang='lat' dir='ltr'>tribuimus,</span> <span class='ocrx_word' id='word_1_147' title='bbox 665 1609 883 1668; x_wconf 82' lang='lat' dir='ltr'>laudemhomi-</span> 
     </span>
     <span class='ocr_line' id='line_1_18' title="bbox 68 1690 884 1777; baseline -0.005 -20"><span class='ocrx_word' id='word_1_148' title='bbox 68 1719 128 1758; x_wconf 91' lang='lat' dir='ltr'>num</span> <span class='ocrx_word' id='word_1_149' title='bbox 143 1701 235 1775; x_wconf 86' lang='lat' dir='ltr'>magis</span> <span class='ocrx_word' id='word_1_150' title='bbox 246 1690 337 1777; x_wconf 83' lang='lat' dir='ltr'>quam</span> <span class='ocrx_word' id='word_1_151' title='bbox 352 1702 403 1758; x_wconf 91' lang='lat' dir='ltr'>Dei</span> <span class='ocrx_word' id='word_1_152' title='bbox 418 1718 596 1775; x_wconf 79' lang='lat' dir='ltr'>queramus.</span> <span class='ocrx_word' id='word_1_153' title='bbox 617 1699 675 1757; x_wconf 89' lang='lat' dir='ltr'>Sed</span> <span class='ocrx_word' id='word_1_154' title='bbox 699 1717 752 1756; x_wconf 88' lang='lat' dir='ltr'>nos</span> <span class='ocrx_word' id='word_1_155' title='bbox 770 1697 884 1755; x_wconf 84' lang='lat' dir='ltr'>Domini</span> 
     </span>
    </p>
   </div>
   <div class='ocr_carea' id='block_1_6' title="bbox 937 1073 1767 1776">
    <p class='ocr_par' dir='ltr' id='par_1_6' title="bbox 937 1073 1767 1776">
     <span class='ocr_line' id='line_1_19' title="bbox 939 1073 1764 1152; baseline 0.012 -24"><span class='ocrx_word' id='word_1_156' title='bbox 939 1073 1078 1144; x_wconf 82' lang='lat' dir='ltr'>debitam,</span> <span class='ocrx_word' id='word_1_157' title='bbox 1095 1075 1230 1135; x_wconf 90' lang='lat' dir='ltr'>hemines</span> <span class='ocrx_word' id='word_1_158' title='bbox 1251 1077 1334 1136; x_wconf 86' lang='lat' dir='ltr'>stulti</span> <span class='ocrx_word' id='word_1_159' title='bbox 1359 1079 1445 1137; x_wconf 89' lang='lat' dir='ltr'>idolis</span> <span class='ocrx_word' id='word_1_160' title='bbox 1460 1081 1572 1140; x_wconf 85' lang='lat' dir='ltr'>deterre</span> <span class='ocrx_word' id='word_1_161' title='bbox 1594 1081 1764 1152; x_wconf 87' lang='lat' dir='ltr'>volucrunt;</span> 
     </span>
     <span class='ocr_line' id='line_1_20' title="bbox 939 1161 1767 1246; baseline 0.008 -27"><span class='ocrx_word' id='word_1_162' title='bbox 939 1161 1036 1212; x_wconf 72' lang='lat' dir='ltr'>taetris</span> <span class='ocrx_word' id='word_1_163' title='bbox 1051 1169 1149 1224; x_wconf 86' lang='lat' dir='ltr'>eutem</span> <span class='ocrx_word' id='word_1_164' title='bbox 1166 1165 1216 1222; x_wconf 88' lang='lat' dir='ltr'>illa</span> <span class='ocrx_word' id='word_1_165' title='bbox 1231 1167 1355 1224; x_wconf 87' lang='lat' dir='ltr'>servitus</span> <span class='ocrx_word' id='word_1_166' title='bbox 1377 1167 1572 1242; x_wconf 81' lang='lat' dir='ltr'>diciturque</span> <span class='ocrx_word' id='word_1_167' title='bbox 1598 1172 1767 1246; x_wconf 70' lang='lat' dir='ltr'>corunmnis</span> 
     </span>
     <span class='ocr_line' id='line_1_21' title="bbox 938 1254 1764 1334; baseline 0.013 -26"><span class='ocrx_word' id='word_1_168' title='bbox 938 1257 993 1321; x_wconf 90' lang='lat' dir='ltr'>est,</span> <span class='ocrx_word' id='word_1_169' title='bbox 1009 1259 1038 1308; x_wconf 91' lang='lat' dir='ltr'>et</span> <span class='ocrx_word' id='word_1_170' title='bbox 1051 1254 1175 1310; x_wconf 87' lang='lat' dir='ltr'>invicem</span> <span class='ocrx_word' id='word_1_171' title='bbox 1192 1271 1209 1310; x_wconf 94' lang='lat' dir='ltr'>a</span> <span class='ocrx_word' id='word_1_172' title='bbox 1222 1255 1359 1314; x_wconf 84' lang='lat' dir='ltr'>fidelibus</span> <span class='ocrx_word' id='word_1_173' title='bbox 1372 1257 1545 1317; x_wconf 82' lang='lat' dir='ltr'>exhibenda.</span> <span class='ocrx_word' id='word_1_174' title='bbox 1563 1259 1645 1316; x_wconf 90' lang='lat' dir='ltr'>Unde</span> <span class='ocrx_word' id='word_1_175' title='bbox 1660 1264 1689 1316; x_wconf 89' lang='lat' dir='ltr'>et</span> <span class='ocrx_word' id='word_1_176' title='bbox 1703 1277 1764 1334; x_wconf 83' lang='lat' dir='ltr'>ser·</span> 
     </span>
     <span class='ocr_line' id='line_1_22' title="bbox 937 1341 1766 1425; baseline 0.014 -29"><span class='ocrx_word' id='word_1_177' title='bbox 937 1357 992 1398; x_wconf 88' lang='lat' dir='ltr'>vas</span> <span class='ocrx_word' id='word_1_178' title='bbox 1009 1341 1093 1397; x_wconf 67' lang='lat' dir='ltr'>teate&lt;</span> <span class='ocrx_word' id='word_1_179' title='bbox 1109 1343 1187 1414; x_wconf 89' lang='lat' dir='ltr'>apud</span> <span class='ocrx_word' id='word_1_180' title='bbox 1202 1360 1251 1400; x_wconf 87' lang='lat' dir='ltr'>eos</span> <span class='ocrx_word' id='word_1_181' title='bbox 1266 1345 1440 1423; x_wconf 85' lang='lat' dir='ltr'>appellatur,</span> <span class='ocrx_word' id='word_1_182' title='bbox 1450 1347 1668 1425; x_wconf 80' lang='lat' dir='ltr'>iubemurerge</span> <span class='ocrx_word' id='word_1_183' title='bbox 1678 1353 1766 1420; x_wconf 81' lang='lat' dir='ltr'>etpar</span> 
     </span>
     <span class='ocr_line' id='line_1_23' title="bbox 938 1430 1765 1508; baseline 0.013 -24"><span class='ocrx_word' id='word_1_184' title='bbox 938 1430 1110 1488; x_wconf 86' lang='lat' dir='ltr'>charitatem</span> <span class='ocrx_word' id='word_1_185' title='bbox 1127 1432 1234 1488; x_wconf 87' lang='lat' dir='ltr'>servire</span> <span class='ocrx_word' id='word_1_186' title='bbox 1248 1433 1382 1504; x_wconf 84' lang='lat' dir='ltr'>invicem,</span> <span class='ocrx_word' id='word_1_187' title='bbox 1409 1436 1488 1508; x_wconf 89' lang='lat' dir='ltr'>quod</span> <span class='ocrx_word' id='word_1_188' title='bbox 1514 1437 1689 1508; x_wconf 89' lang='lat' dir='ltr'>pertinetad</span> <span class='ocrx_word' id='word_1_189' title='bbox 1710 1437 1765 1488; x_wconf 79' lang='lat' dir='ltr'>tae-</span> 
     </span>
     <span class='ocr_line' id='line_1_24' title="bbox 938 1516 1765 1600; baseline 0.011 -26"><span class='ocrx_word' id='word_1_190' title='bbox 938 1516 1009 1566; x_wconf 72' lang='grc' dir='ltr'>λείαν</span> <span class='ocrx_word' id='word_1_191' title='bbox 1024 1525 1053 1576; x_wconf 91' lang='lat' dir='ltr'>et</span> <span class='ocrx_word' id='word_1_192' title='bbox 1065 1520 1207 1592; x_wconf 88' lang='lat' dir='ltr'>jubemur</span> <span class='ocrx_word' id='word_1_193' title='bbox 1221 1521 1327 1581; x_wconf 86' lang='lat' dir='ltr'>iterum</span> <span class='ocrx_word' id='word_1_194' title='bbox 1344 1523 1399 1579; x_wconf 89' lang='lat' dir='ltr'>soli</span> <span class='ocrx_word' id='word_1_195' title='bbox 1415 1529 1471 1580; x_wconf 87' lang='lat' dir='ltr'>Deo</span> <span class='ocrx_word' id='word_1_196' title='bbox 1487 1525 1684 1600; x_wconf 87' lang='lat' dir='ltr'>servire,qued</span> <span class='ocrx_word' id='word_1_197' title='bbox 1699 1543 1765 1600; x_wconf 86' lang='lat' dir='ltr'>por·</span> 
     </span>
     <span class='ocr_line' id='line_1_25' title="bbox 938 1609 1765 1688; baseline 0.01 -25"><span class='ocrx_word' id='word_1_198' title='bbox 938 1609 1011 1666; x_wconf 90' lang='lat' dir='ltr'>tinet</span> <span class='ocrx_word' id='word_1_199' title='bbox 1035 1609 1071 1666; x_wconf 92' lang='lat' dir='ltr'>ad</span> <span class='ocrx_word' id='word_1_200' title='bbox 1086 1609 1212 1676; x_wconf 67' lang='grc' dir='ltr'>λατρείαν,</span> <span class='ocrx_word' id='word_1_201' title='bbox 1228 1615 1259 1666; x_wconf 92' lang='lat' dir='ltr'>ut</span> <span class='ocrx_word' id='word_1_202' title='bbox 1274 1612 1338 1682; x_wconf 89' lang='lat' dir='ltr'>ejus</span> <span class='ocrx_word' id='word_1_203' title='bbox 1362 1612 1502 1669; x_wconf 89' lang='lat' dir='ltr'>bonorem</span> <span class='ocrx_word' id='word_1_204' title='bbox 1528 1613 1601 1672; x_wconf 90' lang='lat' dir='ltr'>nulli</span> <span class='ocrx_word' id='word_1_205' title='bbox 1626 1619 1765 1688; x_wconf 74' lang='lat' dir='ltr'>creaturae</span> 
     </span>
     <span class='ocr_line' id='line_1_26' title="bbox 937 1697 1766 1776; baseline 0.008 -24"><span class='ocrx_word' id='word_1_206' title='bbox 937 1697 1114 1754; x_wconf 75' lang='lat' dir='ltr'>deteramus</span> <span class='ocrx_word' id='word_1_207' title='bbox 1130 1698 1211 1764; x_wconf 88' lang='lat' dir='ltr'>Quod</span> <span class='ocrx_word' id='word_1_208' title='bbox 1227 1699 1305 1754; x_wconf 89' lang='lat' dir='ltr'>enim</span> <span class='ocrx_word' id='word_1_209' title='bbox 1322 1700 1363 1756; x_wconf 92' lang='lat' dir='ltr'>eit</span> <span class='ocrx_word' id='word_1_210' title='bbox 1378 1700 1548 1772; x_wconf 84' lang='lat' dir='ltr'>Apostolus:</span> <span class='ocrx_word' id='word_1_211' title='bbox 1565 1725 1577 1752; x_wconf 81' lang='grc' dir='ltr'>ι</span> <span class='ocrx_word' id='word_1_212' title='bbox 1595 1703 1684 1770; x_wconf 87' lang='lat' dir='ltr'>Servi,</span> <span class='ocrx_word' id='word_1_213' title='bbox 1700 1704 1766 1776; x_wconf 81' lang='lat' dir='ltr'>ohe-</span> 
     </span>
    </p>
   </div>
   <div class='ocr_carea' id='block_1_7' title="bbox 63 1785 1767 2310">
    <p class='ocr_par' dir='ltr' id='par_1_7' title="bbox 63 1785 1767 2220">
     <span class='ocr_line' id='line_1_27' title="bbox 65 1785 1765 1890; baseline 0 -45"><span class='ocrx_word' id='word_1_214' title='bbox 65 1792 183 1864; x_wconf 77' lang='lat' dir='ltr'>exemplo</span> <span class='ocrx_word' id='word_1_215' title='bbox 198 1791 346 1858; x_wconf 85' lang='lat' dir='ltr'>instructi,</span> <span class='ocrx_word' id='word_1_216' title='bbox 362 1787 884 1864; x_wconf 79' lang='lat' dir='ltr'>vincamusgulaeappetitunrperab-</span> <span class='ocrx_word' id='word_1_217' title='bbox 900 1825 924 1890; x_wconf 74' lang='lat' dir='ltr'>B</span> <span class='ocrx_word' id='word_1_218' title='bbox 939 1785 999 1842; x_wconf 88' lang='lat' dir='ltr'>dite</span> <span class='ocrx_word' id='word_1_219' title='bbox 1023 1786 1151 1843; x_wconf 80' lang='lat' dir='ltr'>Dominis</span> <span class='ocrx_word' id='word_1_220' title='bbox 1176 1787 1344 1844; x_wconf 85' lang='lat' dir='ltr'>carnalibus</span> <span class='ocrx_word' id='word_1_221' title='bbox 1370 1789 1478 1862; x_wconf 79' lang='lat' dir='ltr'>(prea.</span> <span class='ocrx_word' id='word_1_222' title='bbox 1491 1790 1542 1861; x_wconf 87' lang='lat' dir='ltr'>vr),</span> <span class='ocrx_word' id='word_1_223' title='bbox 1560 1812 1574 1840; x_wconf 83' lang='lat' dir='ltr'>a</span> <span class='ocrx_word' id='word_1_224' title='bbox 1601 1792 1637 1846; x_wconf 88' lang='lat' dir='ltr'>ad</span> <span class='ocrx_word' id='word_1_225' title='bbox 1652 1790 1765 1842; x_wconf 77' lang='grc' dir='ltr'>δουλείαν</span> 
     </span>
     <span class='ocr_line' id='line_1_28' title="bbox 63 1875 1765 1952; baseline 0.002 -18"><span class='ocrx_word' id='word_1_226' title='bbox 63 1879 234 1947; x_wconf 83' lang='lat' dir='ltr'>stinentiaro;</span> <span class='ocrx_word' id='word_1_227' title='bbox 251 1879 715 1952; x_wconf 79' lang='lat' dir='ltr'>avaritiaeperlargitatem;vanae</span> <span class='ocrx_word' id='word_1_228' title='bbox 727 1875 885 1950; x_wconf 82' lang='lat' dir='ltr'>glosioper</span> <span class='ocrx_word' id='word_1_229' title='bbox 939 1875 1080 1947; x_wconf 72' lang='lat' dir='ltr'>pertinet,</span> <span class='ocrx_word' id='word_1_230' title='bbox 1098 1878 1175 1948; x_wconf 91' lang='lat' dir='ltr'>qnod</span> <span class='ocrx_word' id='word_1_231' title='bbox 1191 1877 1303 1934; x_wconf 90' lang='lat' dir='ltr'>veroin</span> <span class='ocrx_word' id='word_1_232' title='bbox 1320 1877 1376 1936; x_wconf 90' lang='lat' dir='ltr'>alio</span> <span class='ocrx_word' id='word_1_233' title='bbox 1393 1879 1455 1934; x_wconf 89' lang='lat' dir='ltr'>loco</span> <span class='ocrx_word' id='word_1_234' title='bbox 1470 1879 1527 1934; x_wconf 90' lang='lat' dir='ltr'>nit:</span> <span class='ocrx_word' id='word_1_235' title='bbox 1545 1903 1558 1935; x_wconf 79' lang='lat' dir='ltr'>a</span> <span class='ocrx_word' id='word_1_236' title='bbox 1575 1877 1633 1936; x_wconf 88' lang='lat' dir='ltr'>Nos</span> <span class='ocrx_word' id='word_1_237' title='bbox 1659 1897 1765 1938; x_wconf 88' lang='lat' dir='ltr'>sumus</span> 
     </span>
     <span class='ocr_line' id='line_1_29' title="bbox 65 1961 1765 2042; baseline -0.004 -18"><span class='ocrx_word' id='word_1_238' title='bbox 65 1967 263 2038; x_wconf 86' lang='lat' dir='ltr'>bumilitaten1;</span> <span class='ocrx_word' id='word_1_239' title='bbox 276 1969 363 2040; x_wconf 86' lang='lat' dir='ltr'>juxta</span> <span class='ocrx_word' id='word_1_240' title='bbox 377 1969 454 2041; x_wconf 88' lang='lat' dir='ltr'>quod</span> <span class='ocrx_word' id='word_1_241' title='bbox 467 1985 520 2024; x_wconf 90' lang='lat' dir='ltr'>nos</span> <span class='ocrx_word' id='word_1_242' title='bbox 536 1965 883 2023; x_wconf 84' lang='lat' dir='ltr'>beatusloannesadmo-</span> <span class='ocrx_word' id='word_1_243' title='bbox 938 1963 1131 2034; x_wconf 82' lang='lat' dir='ltr'>circumcisio,</span> <span class='ocrx_word' id='word_1_244' title='bbox 1149 1965 1253 2038; x_wconf 83' lang='lat' dir='ltr'>spiritu</span> <span class='ocrx_word' id='word_1_245' title='bbox 1269 1968 1327 2024; x_wconf 89' lang='lat' dir='ltr'>Deo</span> <span class='ocrx_word' id='word_1_246' title='bbox 1342 1967 1502 2028; x_wconf 73' lang='lat' dir='ltr'>servientes</span> <span class='ocrx_word' id='word_1_247' title='bbox 1516 1969 1690 2042; x_wconf 67' lang='lat' dir='ltr'>(raetiam),</span> <span class='ocrx_word' id='word_1_248' title='bbox 1703 1992 1717 2019; x_wconf 75' lang='lat' dir='ltr'>a</span> <span class='ocrx_word' id='word_1_249' title='bbox 1728 1961 1765 2028; x_wconf 77' lang='lat' dir='ltr'>ad</span> 
     </span>
     <span class='ocr_line' id='line_1_30' title="bbox 66 2051 1767 2132; baseline 0.001 -19"><span class='ocrx_word' id='word_1_250' title='bbox 66 2063 116 2124; x_wconf 87' lang='lat' dir='ltr'>net,</span> <span class='ocrx_word' id='word_1_251' title='bbox 131 2059 241 2123; x_wconf 85' lang='lat' dir='ltr'>dicens:</span> <span class='ocrx_word' id='word_1_252' title='bbox 259 2079 274 2109; x_wconf 82' lang='lat' dir='ltr'>e</span> <span class='ocrx_word' id='word_1_253' title='bbox 291 2056 397 2124; x_wconf 83' lang='lat' dir='ltr'>Filiell,</span> <span class='ocrx_word' id='word_1_254' title='bbox 414 2057 503 2114; x_wconf 87' lang='lat' dir='ltr'>nolite</span> <span class='ocrx_word' id='word_1_255' title='bbox 525 2055 646 2130; x_wconf 88' lang='lat' dir='ltr'>diligere</span> <span class='ocrx_word' id='word_1_256' title='bbox 662 2054 820 2122; x_wconf 89' lang='lat' dir='ltr'>mundum,</span> <span class='ocrx_word' id='word_1_257' title='bbox 833 2071 883 2110; x_wconf 89' lang='lat' dir='ltr'>ne·</span> <span class='ocrx_word' id='word_1_258' title='bbox 937 2051 1053 2118; x_wconf 68' lang='grc' dir='ltr'>λατρείαν</span> <span class='ocrx_word' id='word_1_259' title='bbox 1070 2053 1212 2126; x_wconf 87' lang='lat' dir='ltr'>pertinet:</span> <span class='ocrx_word' id='word_1_260' title='bbox 1230 2057 1351 2112; x_wconf 89' lang='lat' dir='ltr'>undeet</span> <span class='ocrx_word' id='word_1_261' title='bbox 1370 2057 1473 2114; x_wconf 87' lang='lat' dir='ltr'>codem</span> <span class='ocrx_word' id='word_1_262' title='bbox 1497 2056 1560 2114; x_wconf 93' lang='lat' dir='ltr'>loeo</span> <span class='ocrx_word' id='word_1_263' title='bbox 1586 2058 1663 2132; x_wconf 88' lang='lat' dir='ltr'>apud</span> <span class='ocrx_word' id='word_1_264' title='bbox 1688 2057 1767 2116; x_wconf 77' lang='lat' dir='ltr'>Gre-</span> 
     </span>
     <span class='ocr_line' id='line_1_31' title="bbox 68 2141 1389 2220; baseline -0.002 -18"><span class='ocrx_word' id='word_1_265' title='bbox 68 2164 159 2219; x_wconf 86' lang='lat' dir='ltr'>queen</span> <span class='ocrx_word' id='word_1_266' title='bbox 172 2165 235 2220; x_wconf 82' lang='lat' dir='ltr'>que</span> <span class='ocrx_word' id='word_1_267' title='bbox 257 2147 289 2204; x_wconf 88' lang='lat' dir='ltr'>in</span> <span class='ocrx_word' id='word_1_268' title='bbox 304 2145 416 2204; x_wconf 89' lang='lat' dir='ltr'>mundo</span> <span class='ocrx_word' id='word_1_269' title='bbox 443 2151 527 2204; x_wconf 84' lang='lat' dir='ltr'>snat:</span> <span class='ocrx_word' id='word_1_270' title='bbox 551 2145 621 2218; x_wconf 87' lang='lat' dir='ltr'>quia</span> <span class='ocrx_word' id='word_1_271' title='bbox 645 2160 732 2201; x_wconf 88' lang='lat' dir='ltr'>omne</span> <span class='ocrx_word' id='word_1_272' title='bbox 756 2143 835 2215; x_wconf 90' lang='lat' dir='ltr'>quod</span> <span class='ocrx_word' id='word_1_273' title='bbox 851 2143 882 2201; x_wconf 90' lang='lat' dir='ltr'>in</span> <span class='ocrx_word' id='word_1_274' title='bbox 937 2158 987 2198; x_wconf 88' lang='lat' dir='ltr'>cos</span> <span class='ocrx_word' id='word_1_275' title='bbox 1002 2141 1161 2206; x_wconf 72' lang='grc' dir='ltr'>λατρεύοντες</span> <span class='ocrx_word' id='word_1_276' title='bbox 1176 2143 1319 2219; x_wconf 87' lang='lat' dir='ltr'>seriptum</span> <span class='ocrx_word' id='word_1_277' title='bbox 1335 2151 1389 2202; x_wconf 88' lang='lat' dir='ltr'>est.</span> 
     </span>
    </p>

    <p class='ocr_par' dir='ltr' id='par_1_8' title="bbox 69 2231 1765 2310">
     <span class='ocr_line' id='line_1_32' title="bbox 69 2231 1765 2310; baseline 0.002 -20"><span class='ocrx_word' id='word_1_278' title='bbox 69 2235 165 2292; x_wconf 78' lang='lat' dir='ltr'>nunno</span> <span class='ocrx_word' id='word_1_279' title='bbox 178 2238 231 2306; x_wconf 85' lang='lat' dir='ltr'>est,</span> <span class='ocrx_word' id='word_1_280' title='bbox 247 2234 494 2308; x_wconf 89' lang='lat' dir='ltr'>concupiscentie</span> <span class='ocrx_word' id='word_1_281' title='bbox 508 2234 605 2290; x_wconf 88' lang='lat' dir='ltr'>carnis</span> <span class='ocrx_word' id='word_1_282' title='bbox 623 2237 677 2300; x_wconf 87' lang='lat' dir='ltr'>est,</span> <span class='ocrx_word' id='word_1_283' title='bbox 693 2237 723 2288; x_wconf 93' lang='lat' dir='ltr'>et</span> <span class='ocrx_word' id='word_1_284' title='bbox 746 2232 883 2304; x_wconf 87' lang='lat' dir='ltr'>eoncupi—</span> <span class='ocrx_word' id='word_1_285' title='bbox 974 2255 988 2283; x_wconf 91' lang='lat'>«</span> <span class='ocrx_word' id='word_1_286' title='bbox 1005 2231 1765 2310; x_wconf 72' lang='lat' dir='ltr'>Tunercliquiteumdiabolus.›illeliquiteurnquem</span> 
     </span>
    </p>
   </div>
   <div class='ocr_carea' id='block_1_8' title="bbox 69 2321 883 2752">
    <p class='ocr_par' dir='ltr' id='par_1_9' title="bbox 69 2321 883 2752">
     <span class='ocr_line' id='line_1_33' title="bbox 69 2321 883 2396; baseline -0.002 -16"><span class='ocrx_word' id='word_1_287' title='bbox 69 2325 167 2380; x_wconf 72' lang='lat' dir='ltr'>nentia</span> <span class='ocrx_word' id='word_1_288' title='bbox 179 2323 344 2391; x_wconf 87' lang='lat' dir='ltr'>oculorum,</span> <span class='ocrx_word' id='word_1_289' title='bbox 361 2329 390 2380; x_wconf 88' lang='lat' dir='ltr'>et</span> <span class='ocrx_word' id='word_1_290' title='bbox 404 2321 725 2396; x_wconf 79' lang='lat' dir='ltr'>superbieritastltoon.</span> <span class='ocrx_word' id='word_1_291' title='bbox 741 2325 777 2387; x_wconf 84' lang='lat' dir='ltr'>bl.</span> <span class='ocrx_word' id='word_1_292' title='bbox 788 2321 883 2378; x_wconf 81' lang='lat' dir='ltr'>atlon-</span> 
     </span>
     <span class='ocr_line' id='line_1_34' title="bbox 72 2410 883 2486; baseline -0.009 -18"><span class='ocrx_word' id='word_1_293' title='bbox 72 2413 247 2486; x_wconf 87' lang='lat' dir='ltr'>eupiseentia,</span> <span class='ocrx_word' id='word_1_294' title='bbox 263 2411 398 2470; x_wconf 88' lang='lat' dir='ltr'>videlieet</span> <span class='ocrx_word' id='word_1_295' title='bbox 413 2411 519 2480; x_wconf 87' lang='lat' dir='ltr'>earnis,</span> <span class='ocrx_word' id='word_1_296' title='bbox 528 2412 650 2486; x_wconf 87' lang='lat' dir='ltr'>pertinet</span> <span class='ocrx_word' id='word_1_297' title='bbox 660 2410 883 2484; x_wconf 68' lang='lat' dir='ltr'>sigalammm.</span> 
     </span>
     <span class='ocr_line' id='line_1_35' title="bbox 70 2498 882 2574; baseline -0.002 -17"><span class='ocrx_word' id='word_1_298' title='bbox 70 2503 131 2559; x_wconf 80' lang='lat' dir='ltr'>bitio</span> <span class='ocrx_word' id='word_1_299' title='bbox 145 2501 241 2558; x_wconf 80' lang='lat' dir='ltr'>seculi</span> <span class='ocrx_word' id='word_1_300' title='bbox 264 2501 301 2557; x_wconf 89' lang='lat' dir='ltr'>ad</span> <span class='ocrx_word' id='word_1_301' title='bbox 322 2501 492 2570; x_wconf 74' lang='lat' dir='ltr'>avaritiam:</span> <span class='ocrx_word' id='word_1_302' title='bbox 522 2499 760 2574; x_wconf 80' lang='lat' dir='ltr'>corroupiscentia</span> <span class='ocrx_word' id='word_1_303' title='bbox 785 2498 882 2556; x_wconf 90' lang='lat' dir='ltr'>oeulo-</span> 
     </span>
     <span class='ocr_line' id='line_1_36' title="bbox 70 2588 882 2662; baseline -0.004 -16"><span class='ocrx_word' id='word_1_304' title='bbox 70 2609 123 2646; x_wconf 86' lang='lat' dir='ltr'>rom</span> <span class='ocrx_word' id='word_1_305' title='bbox 137 2591 171 2646; x_wconf 88' lang='lat' dir='ltr'>ad</span> <span class='ocrx_word' id='word_1_306' title='bbox 183 2607 289 2646; x_wconf 87' lang='lat' dir='ltr'>vanam</span> <span class='ocrx_word' id='word_1_307' title='bbox 303 2588 439 2662; x_wconf 88' lang='lat' dir='ltr'>gloriam.</span> <span class='ocrx_word' id='word_1_308' title='bbox 456 2589 536 2660; x_wconf 86' lang='lat' dir='ltr'>Quod</span> <span class='ocrx_word' id='word_1_309' title='bbox 553 2588 779 2662; x_wconf 84' lang='lat' dir='ltr'>ergolristribus</span> <span class='ocrx_word' id='word_1_310' title='bbox 789 2594 882 2645; x_wconf 87' lang='lat' dir='ltr'>tenta·</span> 
     </span>
     <span class='ocr_line' id='line_1_37' title="bbox 71 2676 880 2752; baseline -0.001 -17"><span class='ocrx_word' id='word_1_311' title='bbox 71 2681 196 2748; x_wconf 89' lang='lat' dir='ltr'>tionibus,</span> <span class='ocrx_word' id='word_1_312' title='bbox 213 2676 880 2752; x_wconf 77' lang='lat' dir='ltr'>inquibusaDeminosuperetusestdiabolus,</span> 
     </span>
    </p>
   </div>
   <div class='ocr_carea' id='block_1_9' title="bbox 23 2764 883 2843">
    <p class='ocr_par' dir='ltr' id='par_1_10' title="bbox 23 2764 883 2843">
     <span class='ocr_line' id='line_1_38' title="bbox 23 2764 883 2843; baseline -0.002 -19"><span class='ocrx_word' id='word_1_313' title='bbox 23 2764 24 2789; x_wconf 64' lang='lat'>¹</span> <span class='ocrx_word' id='word_1_314' title='bbox 72 2769 180 2826; x_wconf 75' lang='lat' dir='ltr'>natiuae</span> <span class='ocrx_word' id='word_1_315' title='bbox 194 2786 289 2843; x_wconf 89' lang='lat' dir='ltr'>genus</span> <span class='ocrx_word' id='word_1_316' title='bbox 304 2768 469 2826; x_wconf 87' lang='lat' dir='ltr'>humanum</span> <span class='ocrx_word' id='word_1_317' title='bbox 485 2767 626 2823; x_wconf 86' lang='lat' dir='ltr'>aDomini</span> <span class='ocrx_word' id='word_1_318' title='bbox 640 2765 883 2824; x_wconf 84' lang='lat' dir='ltr'>v-oluutateretru·</span> 
     </span>
    </p>
   </div>
   <div class='ocr_carea' id='block_1_10' title="bbox 75 2855 881 2932">
    <p class='ocr_par' dir='ltr' id='par_1_11' title="bbox 75 2855 881 2932">
     <span class='ocr_line' id='line_1_39' title="bbox 75 2855 881 2932; baseline -0.004 -18"><span class='ocrx_word' id='word_1_319' title='bbox 75 2859 155 2924; x_wconf 89' lang='lat' dir='ltr'>hatur,</span> <span class='ocrx_word' id='word_1_320' title='bbox 170 2858 219 2914; x_wconf 90' lang='lat' dir='ltr'>illa</span> <span class='ocrx_word' id='word_1_321' title='bbox 235 2855 374 2932; x_wconf 85' lang='lat' dir='ltr'>parabole</span> <span class='ocrx_word' id='word_1_322' title='bbox 387 2855 534 2930; x_wconf 76' lang='lat' dir='ltr'>Evangelii</span> <span class='ocrx_word' id='word_1_323' title='bbox 550 2855 740 2917; x_wconf 83' lang='lat' dir='ltr'>indicattbec.</span> <span class='ocrx_word' id='word_1_324' title='bbox 752 2872 807 2925; x_wconf 85' lang='lat' dir='ltr'>rnv,</span> <span class='ocrx_word' id='word_1_325' title='bbox 820 2856 881 2925; x_wconf 93' lang='lat' dir='ltr'>ubi,</span> 
     </span>
    </p>
   </div>
   <div class='ocr_carea' id='block_1_11' title="bbox 25 2945 882 3019">
    <p class='ocr_par' dir='ltr' id='par_1_12' title="bbox 25 2945 882 3019">
     <span class='ocr_line' id='line_1_40' title="bbox 25 2945 882 3019; baseline -0.007 -13"><span class='ocrx_word' id='word_1_326' title='bbox 25 2997 26 3008; x_wconf 70' lang='grc'>,</span> <span class='ocrx_word' id='word_1_327' title='bbox 75 2949 114 3019; x_wconf 89' lang='lat' dir='ltr'>qui</span> <span class='ocrx_word' id='word_1_328' title='bbox 127 2949 158 3004; x_wconf 89' lang='lat' dir='ltr'>ad</span> <span class='ocrx_word' id='word_1_329' title='bbox 168 2963 284 3004; x_wconf 88' lang='lat' dir='ltr'>-coeuam</span> <span class='ocrx_word' id='word_1_330' title='bbox 300 2945 414 3002; x_wconf 88' lang='lat' dir='ltr'>invitati</span> <span class='ocrx_word' id='word_1_331' title='bbox 427 2945 525 3002; x_wconf 89' lang='lat' dir='ltr'>venire</span> <span class='ocrx_word' id='word_1_332' title='bbox 536 2949 753 3013; x_wconf 85' lang='lat' dir='ltr'>recusaverunt,</span> <span class='ocrx_word' id='word_1_333' title='bbox 764 2949 824 3000; x_wconf 88' lang='lat' dir='ltr'>tres</span> <span class='ocrx_word' id='word_1_334' title='bbox 834 2961 882 3000; x_wconf 83' lang='lat' dir='ltr'>ex·</span> 
     </span>
    </p>
   </div>
   <div class='ocr_carea' id='block_1_12' title="bbox 76 3032 882 3109">
    <p class='ocr_par' dir='ltr' id='par_1_13' title="bbox 76 3032 882 3109">
     <span class='ocr_line' id='line_1_41' title="bbox 76 3032 882 3109; baseline -0.004 -18"><span class='ocrx_word' id='word_1_335' title='bbox 76 3037 224 3094; x_wconf 80' lang='lat' dir='ltr'>cenationes</span> <span class='ocrx_word' id='word_1_336' title='bbox 261 3035 456 3109; x_wconf 89' lang='lat' dir='ltr'>protulerunt.</span> <span class='ocrx_word' id='word_1_337' title='bbox 492 3034 607 3092; x_wconf 89' lang='lat' dir='ltr'>Primus</span> <span class='ocrx_word' id='word_1_338' title='bbox 638 3034 728 3090; x_wconf 90' lang='lat' dir='ltr'>dixit:</span> <span class='ocrx_word' id='word_1_339' title='bbox 746 3056 760 3083; x_wconf 81' lang='lat' dir='ltr'>a</span> <span class='ocrx_word' id='word_1_340' title='bbox 776 3032 882 3090; x_wconf 81' lang='lat' dir='ltr'>Villam</span> 
     </span>
    </p>
   </div>
   <div class='ocr_carea' id='block_1_13' title="bbox 936 2321 1766 3115">
    <p class='ocr_par' dir='ltr' id='par_1_14' title="bbox 936 2321 1766 3115">
     <span class='ocr_line' id='line_1_42' title="bbox 938 2321 1766 2396; baseline 0.013 -21"><span class='ocrx_word' id='word_1_341' title='bbox 938 2337 1090 2393; x_wconf 86' lang='lat' dir='ltr'>nunquam</span> <span class='ocrx_word' id='word_1_342' title='bbox 1106 2321 1213 2377; x_wconf 90' lang='lat' dir='ltr'>tenuit:</span> <span class='ocrx_word' id='word_1_343' title='bbox 1232 2322 1301 2394; x_wconf 82' lang='lat' dir='ltr'>qula</span> <span class='ocrx_word' id='word_1_344' title='bbox 1312 2330 1468 2396; x_wconf 89' lang='lat' dir='ltr'>superatus</span> <span class='ocrx_word' id='word_1_345' title='bbox 1484 2329 1630 2394; x_wconf 88' lang='lat' dir='ltr'>atentato,</span> <span class='ocrx_word' id='word_1_346' title='bbox 1647 2331 1766 2386; x_wconf 64' lang='lat' dir='ltr'>abuta-</span> 
     </span>
     <span class='ocr_line' id='line_1_43' title="bbox 937 2409 1764 2486; baseline 0.007 -21"><span class='ocrx_word' id='word_1_347' title='bbox 937 2409 1015 2466; x_wconf 89' lang='lat' dir='ltr'>tioec</span> <span class='ocrx_word' id='word_1_348' title='bbox 1028 2410 1163 2467; x_wconf 87' lang='lat' dir='ltr'>cessavit.</span> <span class='ocrx_word' id='word_1_349' title='bbox 1180 2411 1235 2468; x_wconf 88' lang='lat' dir='ltr'>Sed</span> <span class='ocrx_word' id='word_1_350' title='bbox 1253 2411 1387 2484; x_wconf 86' lang='lat' dir='ltr'>quamvis</span> <span class='ocrx_word' id='word_1_351' title='bbox 1400 2413 1436 2468; x_wconf 88' lang='lat' dir='ltr'>ab</span> <span class='ocrx_word' id='word_1_352' title='bbox 1461 2429 1494 2469; x_wconf 89' lang='lat' dir='ltr'>oo</span> <span class='ocrx_word' id='word_1_353' title='bbox 1510 2419 1669 2486; x_wconf 86' lang='lat' dir='ltr'>superatus</span> <span class='ocrx_word' id='word_1_354' title='bbox 1694 2419 1764 2472; x_wconf 91' lang='lat' dir='ltr'>tune</span> 
     </span>
     <span class='ocr_line' id='line_1_44' title="bbox 938 2499 1765 2580; baseline 0.007 -26"><span class='ocrx_word' id='word_1_355' title='bbox 938 2499 1100 2567; x_wconf 85' lang='lat' dir='ltr'>recesserit,</span> <span class='ocrx_word' id='word_1_356' title='bbox 1117 2505 1249 2580; x_wconf 77' lang='lat' dir='ltr'>tempore</span> <span class='ocrx_word' id='word_1_357' title='bbox 1265 2501 1412 2572; x_wconf 76' lang='lat' dir='ltr'>passienis</span> <span class='ocrx_word' id='word_1_358' title='bbox 1436 2502 1473 2558; x_wconf 86' lang='lat' dir='ltr'>ad</span> <span class='ocrx_word' id='word_1_359' title='bbox 1488 2519 1555 2561; x_wconf 89' lang='lat' dir='ltr'>eum</span> <span class='ocrx_word' id='word_1_360' title='bbox 1577 2502 1665 2572; x_wconf 80' lang='lat' dir='ltr'>venit,</span> <span class='ocrx_word' id='word_1_361' title='bbox 1688 2502 1765 2572; x_wconf 72' lang='lat' dir='ltr'>siem</span> 
     </span>
     <span class='ocr_line' id='line_1_45' title="bbox 937 2587 1764 2665; baseline 0.013 -24"><span class='ocrx_word' id='word_1_362' title='bbox 937 2587 999 2660; x_wconf 85' lang='lat' dir='ltr'>ipse</span> <span class='ocrx_word' id='word_1_363' title='bbox 1015 2589 1099 2644; x_wconf 89' lang='lat' dir='ltr'>dicit:</span> <span class='ocrx_word' id='word_1_364' title='bbox 1117 2611 1130 2639; x_wconf 77' lang='lat' dir='ltr'>a</span> <span class='ocrx_word' id='word_1_365' title='bbox 1147 2588 1232 2646; x_wconf 89' lang='lat' dir='ltr'>Venit</span> <span class='ocrx_word' id='word_1_366' title='bbox 1247 2590 1284 2646; x_wconf 90' lang='lat' dir='ltr'>ad</span> <span class='ocrx_word' id='word_1_367' title='bbox 1301 2607 1347 2646; x_wconf 92' lang='lat' dir='ltr'>me</span> <span class='ocrx_word' id='word_1_368' title='bbox 1362 2589 1498 2664; x_wconf 89' lang='lat' dir='ltr'>princeps</span> <span class='ocrx_word' id='word_1_369' title='bbox 1510 2591 1723 2665; x_wconf 88' lang='lat' dir='ltr'>hujusmundi,</span> <span class='ocrx_word' id='word_1_370' title='bbox 1735 2598 1764 2652; x_wconf 88' lang='lat' dir='ltr'>et</span> 
     </span>
     <span class='ocr_line' id='line_1_46' title="bbox 938 2676 1764 2753; baseline 0.012 -23"><span class='ocrx_word' id='word_1_371' title='bbox 938 2676 967 2731; x_wconf 94' lang='lat' dir='ltr'>in</span> <span class='ocrx_word' id='word_1_372' title='bbox 983 2693 1030 2732; x_wconf 89' lang='lat' dir='ltr'>me</span> <span class='ocrx_word' id='word_1_373' title='bbox 1046 2695 1102 2732; x_wconf 91' lang='lat' dir='ltr'>non</span> <span class='ocrx_word' id='word_1_374' title='bbox 1119 2677 1206 2733; x_wconf 88' lang='lat' dir='ltr'>babet</span> <span class='ocrx_word' id='word_1_375' title='bbox 1220 2677 1382 2750; x_wconf 86' lang='lat' dir='ltr'>quidquam</span> <span class='ocrx_word' id='word_1_376' title='bbox 1398 2681 1487 2748; x_wconf 78' lang='lat' dir='ltr'>(loeta.</span> <span class='ocrx_word' id='word_1_377' title='bbox 1503 2680 1571 2753; x_wconf 80' lang='lat' dir='ltr'>xiv).</span> <span class='ocrx_word' id='word_1_378' title='bbox 1588 2701 1601 2732; x_wconf 78' lang='lat' dir='ltr'>a</span> <span class='ocrx_word' id='word_1_379' title='bbox 1621 2681 1703 2738; x_wconf 88' lang='lat' dir='ltr'>Unde</span> <span class='ocrx_word' id='word_1_380' title='bbox 1718 2699 1764 2740; x_wconf 90' lang='lat' dir='ltr'>eo·</span> 
     </span>
     <span class='ocr_line' id='line_1_47' title="bbox 937 2765 1761 2843; baseline 0.01 -24"><span class='ocrx_word' id='word_1_381' title='bbox 937 2765 1116 2837; x_wconf 84' lang='lat' dir='ltr'>geoseirnus,</span> <span class='ocrx_word' id='word_1_382' title='bbox 1133 2766 1203 2838; x_wconf 92' lang='lat' dir='ltr'>quia</span> <span class='ocrx_word' id='word_1_383' title='bbox 1217 2767 1358 2839; x_wconf 88' lang='lat' dir='ltr'>antiquus</span> <span class='ocrx_word' id='word_1_384' title='bbox 1383 2767 1475 2824; x_wconf 89' lang='lat' dir='ltr'>bostis</span> <span class='ocrx_word' id='word_1_385' title='bbox 1498 2769 1631 2840; x_wconf 88' lang='lat' dir='ltr'>superari</span> <span class='ocrx_word' id='word_1_386' title='bbox 1656 2775 1761 2843; x_wconf 88' lang='lat' dir='ltr'>potest,</span> 
     </span>
     <span class='ocr_line' id='line_1_48' title="bbox 937 2853 1759 2926; baseline 0.005 -16"><span class='ocrx_word' id='word_1_387' title='bbox 937 2853 986 2910; x_wconf 89' lang='lat' dir='ltr'>sed</span> <span class='ocrx_word' id='word_1_388' title='bbox 1002 2854 1152 2926; x_wconf 87' lang='lat' dir='ltr'>quiescere</span> <span class='ocrx_word' id='word_1_389' title='bbox 1165 2855 1267 2913; x_wconf 84' lang='lat' dir='ltr'>nescit,</span> <span class='ocrx_word' id='word_1_390' title='bbox 1285 2855 1317 2912; x_wconf 80' lang='lat' dir='ltr'>lit</span> <span class='ocrx_word' id='word_1_391' title='bbox 1331 2871 1364 2912; x_wconf 90' lang='lat' dir='ltr'>eo</span> <span class='ocrx_word' id='word_1_392' title='bbox 1379 2873 1397 2912; x_wconf 90' lang='lat' dir='ltr'>a</span> <span class='ocrx_word' id='word_1_393' title='bbox 1411 2857 1570 2914; x_wconf 78' lang='lat' dir='ltr'>tertiatione</span> <span class='ocrx_word' id='word_1_394' title='bbox 1593 2858 1759 2914; x_wconf 86' lang='lat' dir='ltr'>recedente:</span> 
     </span>
     <span class='ocr_line' id='line_1_49' title="bbox 939 2941 1761 3016; baseline 0.015 -24"><span class='ocrx_word' id='word_1_395' title='bbox 939 2965 953 2992; x_wconf 78' lang='lat' dir='ltr'>n</span> <span class='ocrx_word' id='word_1_396' title='bbox 968 2943 1039 2998; x_wconf 82' lang='lat' dir='ltr'>llcce</span> <span class='ocrx_word' id='word_1_397' title='bbox 1051 2941 1148 3016; x_wconf 88' lang='lat' dir='ltr'>angeli</span> <span class='ocrx_word' id='word_1_398' title='bbox 1158 2949 1353 3014; x_wconf 86' lang='lat' dir='ltr'>accesserunt,</span> <span class='ocrx_word' id='word_1_399' title='bbox 1370 2950 1399 3002; x_wconf 91' lang='lat' dir='ltr'>et</span> <span class='ocrx_word' id='word_1_400' title='bbox 1407 2945 1656 3004; x_wconf 83' lang='lat' dir='ltr'>ministrabantei.</span> <span class='ocrx_word' id='word_1_401' title='bbox 1670 2969 1684 2998; x_wconf 80' lang='lat' dir='ltr'>a</span> <span class='ocrx_word' id='word_1_402' title='bbox 1695 2947 1761 3003; x_wconf 88' lang='lat' dir='ltr'>Pul-</span> 
     </span>
     <span class='ocr_line' id='line_1_50' title="bbox 936 3031 1760 3115; baseline 0.007 -27"><span class='ocrx_word' id='word_1_403' title='bbox 936 3031 1078 3088; x_wconf 90' lang='lat' dir='ltr'>cherrime</span> <span class='ocrx_word' id='word_1_404' title='bbox 1095 3036 1192 3087; x_wconf 89' lang='lat' dir='ltr'>autem</span> <span class='ocrx_word' id='word_1_405' title='bbox 1207 3033 1238 3087; x_wconf 92' lang='lat' dir='ltr'>in</span> <span class='ocrx_word' id='word_1_406' title='bbox 1252 3032 1760 3115; x_wconf 79' lang='lat' dir='ltr'>conclusionehujusleqtioaisutra·</span> 
     </span>
    </p>
   </div>
   <div class='ocr_carea' id='block_1_14' title="bbox 72 3118 1773 5592">
    <p class='ocr_par' dir='ltr' id='par_1_15' title="bbox 72 3118 1764 3642">
     <span class='ocr_line' id='line_1_51' title="bbox 77 3118 1761 3196; baseline 0 -15"><span class='ocrx_word' id='word_1_407' title='bbox 77 3126 132 3195; x_wconf 86' lang='lat' dir='ltr'>erni,</span> <span class='ocrx_word' id='word_1_408' title='bbox 147 3133 173 3183; x_wconf 90' lang='lat' dir='ltr'>ot</span> <span class='ocrx_word' id='word_1_409' title='bbox 188 3142 307 3183; x_wconf 86' lang='lat' dir='ltr'>neeesse</span> <span class='ocrx_word' id='word_1_410' title='bbox 322 3124 416 3196; x_wconf 78' lang='lat' dir='ltr'>habeo</span> <span class='ocrx_word' id='word_1_411' title='bbox 431 3124 519 3191; x_wconf 87' lang='lat' dir='ltr'>exire,</span> <span class='ocrx_word' id='word_1_412' title='bbox 532 3129 562 3181; x_wconf 91' lang='lat' dir='ltr'>et</span> <span class='ocrx_word' id='word_1_413' title='bbox 575 3123 672 3180; x_wconf 87' lang='lat' dir='ltr'>videre</span> <span class='ocrx_word' id='word_1_414' title='bbox 686 3122 779 3178; x_wconf 88' lang='lat' dir='ltr'>illam.</span> <span class='ocrx_word' id='word_1_415' title='bbox 803 3121 883 3178; x_wconf 82' lang='lat' dir='ltr'>Alter</span> <span class='ocrx_word' id='word_1_416' title='bbox 937 3137 993 3194; x_wconf 90' lang='lat' dir='ltr'>que</span> <span class='ocrx_word' id='word_1_417' title='bbox 1005 3118 1122 3188; x_wconf 56' lang='lat' dir='ltr'>,Domini</span> <span class='ocrx_word' id='word_1_418' title='bbox 1139 3125 1243 3178; x_wconf 86' lang='lat' dir='ltr'>natura</span> <span class='ocrx_word' id='word_1_419' title='bbox 1258 3122 1636 3193; x_wconf 85' lang='lat' dir='ltr'>nebisdeelaratur,divina</span> <span class='ocrx_word' id='word_1_420' title='bbox 1649 3125 1761 3188; x_wconf 86' lang='lat' dir='ltr'>scilieet</span> 
     </span>
     <span class='ocr_line' id='line_1_52' title="bbox 74 3195 1761 3288; baseline 0.001 -19"><span class='ocrx_word' id='word_1_421' title='bbox 74 3215 144 3272; x_wconf 78' lang='lat' dir='ltr'>diat:</span> <span class='ocrx_word' id='word_1_422' title='bbox 159 3215 235 3288; x_wconf 80' lang='lat' dir='ltr'>luga</span> <span class='ocrx_word' id='word_1_423' title='bbox 245 3214 335 3273; x_wconf 88' lang='lat' dir='ltr'>boum</span> <span class='ocrx_word' id='word_1_424' title='bbox 350 3211 407 3269; x_wconf 90' lang='lat' dir='ltr'>emi</span> <span class='ocrx_word' id='word_1_425' title='bbox 424 3213 564 3286; x_wconf 90' lang='lat' dir='ltr'>quinque,</span> <span class='ocrx_word' id='word_1_426' title='bbox 579 3215 608 3268; x_wconf 89' lang='lat' dir='ltr'>et</span> <span class='ocrx_word' id='word_1_427' title='bbox 622 3229 656 3268; x_wconf 93' lang='lat' dir='ltr'>eo</span> <span class='ocrx_word' id='word_1_428' title='bbox 679 3211 801 3284; x_wconf 87' lang='lat' dir='ltr'>probare</span> <span class='ocrx_word' id='word_1_429' title='bbox 817 3209 876 3266; x_wconf 89' lang='lat' dir='ltr'>illa.</span> <span class='ocrx_word' id='word_1_430' title='bbox 893 3195 914 3262; x_wconf 84' lang='lat' dir='ltr'>C</span> <span class='ocrx_word' id='word_1_431' title='bbox 933 3211 961 3264; x_wconf 90' lang='lat' dir='ltr'>et</span> <span class='ocrx_word' id='word_1_432' title='bbox 976 3209 1115 3276; x_wconf 81' lang='lat' dir='ltr'>burnana,</span> <span class='ocrx_word' id='word_1_433' title='bbox 1131 3207 1156 3266; x_wconf 91' lang='lat' dir='ltr'>si</span> <span class='ocrx_word' id='word_1_434' title='bbox 1172 3213 1270 3266; x_wconf 89' lang='lat' dir='ltr'>tamen</span> <span class='ocrx_word' id='word_1_435' title='bbox 1284 3209 1361 3266; x_wconf 91' lang='lat' dir='ltr'>hane</span> <span class='ocrx_word' id='word_1_436' title='bbox 1376 3228 1443 3268; x_wconf 88' lang='lat' dir='ltr'>eum</span> <span class='ocrx_word' id='word_1_437' title='bbox 1461 3211 1545 3268; x_wconf 79' lang='lat' dir='ltr'>Luce</span> <span class='ocrx_word' id='word_1_438' title='bbox 1559 3213 1707 3288; x_wconf 77' lang='lat' dir='ltr'>Evangelii</span> <span class='ocrx_word' id='word_1_439' title='bbox 1723 3213 1761 3270; x_wconf 88' lang='lat' dir='ltr'>le·</span> 
     </span>
     <span class='ocr_line' id='line_1_53' title="bbox 73 3297 1762 3378; baseline 0 -20"><span class='ocrx_word' id='word_1_440' title='bbox 73 3303 172 3362; x_wconf 77' lang='lat' dir='ltr'>&#39;lartius</span> <span class='ocrx_word' id='word_1_441' title='bbox 188 3321 305 3376; x_wconf 90' lang='lat' dir='ltr'>quoquc</span> <span class='ocrx_word' id='word_1_442' title='bbox 319 3302 376 3358; x_wconf 85' lang='lat' dir='ltr'>eit:</span> <span class='ocrx_word' id='word_1_443' title='bbox 393 3301 516 3358; x_wconf 87' lang='lat' dir='ltr'>Uxorem</span> <span class='ocrx_word' id='word_1_444' title='bbox 530 3300 609 3364; x_wconf 82' lang='lat' dir='ltr'>duxi,</span> <span class='ocrx_word' id='word_1_445' title='bbox 623 3305 652 3357; x_wconf 91' lang='lat' dir='ltr'>et</span> <span class='ocrx_word' id='word_1_446' title='bbox 666 3301 731 3358; x_wconf 91' lang='lat' dir='ltr'>ideo</span> <span class='ocrx_word' id='word_1_447' title='bbox 746 3317 805 3356; x_wconf 90' lang='lat' dir='ltr'>nen</span> <span class='ocrx_word' id='word_1_448' title='bbox 817 3316 883 3372; x_wconf 85' lang='lat' dir='ltr'>pos·</span> <span class='ocrx_word' id='word_1_449' title='bbox 938 3297 1032 3354; x_wconf 89' lang='lat' dir='ltr'>ctione</span> <span class='ocrx_word' id='word_1_450' title='bbox 1048 3298 1762 3378; x_wconf 80' lang='lat' dir='ltr'>conferamus.LegimuseniminLoca(l.oc.xxu),</span> 
     </span>
     <span class='ocr_line' id='line_1_54' title="bbox 73 3385 1763 3464; baseline 0.001 -18"><span class='ocrx_word' id='word_1_451' title='bbox 73 3409 128 3448; x_wconf 88' lang='lat' dir='ltr'>surn</span> <span class='ocrx_word' id='word_1_452' title='bbox 140 3393 243 3450; x_wconf 87' lang='lat' dir='ltr'>venire.</span> <span class='ocrx_word' id='word_1_453' title='bbox 260 3415 275 3443; x_wconf 75' lang='lat' dir='ltr'>a</span> <span class='ocrx_word' id='word_1_454' title='bbox 293 3391 360 3448; x_wconf 90' lang='lat' dir='ltr'>Ideo</span> <span class='ocrx_word' id='word_1_455' title='bbox 376 3395 405 3447; x_wconf 88' lang='lat' dir='ltr'>et</span> <span class='ocrx_word' id='word_1_456' title='bbox 420 3406 472 3447; x_wconf 87' lang='lat' dir='ltr'>nos</span> <span class='ocrx_word' id='word_1_457' title='bbox 488 3389 661 3446; x_wconf 77' lang='lat' dir='ltr'>calliditates</span> <span class='ocrx_word' id='word_1_458' title='bbox 672 3387 885 3461; x_wconf 76' lang='lat' dir='ltr'>diabolipraavi·</span> <span class='ocrx_word' id='word_1_459' title='bbox 938 3385 1008 3458; x_wconf 92' lang='lat' dir='ltr'>quia</span> <span class='ocrx_word' id='word_1_460' title='bbox 1022 3402 1089 3441; x_wconf 88' lang='lat' dir='ltr'>eum</span> <span class='ocrx_word' id='word_1_461' title='bbox 1102 3385 1229 3444; x_wconf 90' lang='lat' dir='ltr'>instante</span> <span class='ocrx_word' id='word_1_462' title='bbox 1244 3387 1389 3460; x_wconf 89' lang='lat' dir='ltr'>passionis</span> <span class='ocrx_word' id='word_1_463' title='bbox 1403 3391 1533 3462; x_wconf 90' lang='lat' dir='ltr'>tempore</span> <span class='ocrx_word' id='word_1_464' title='bbox 1544 3389 1686 3448; x_wconf 86' lang='lat' dir='ltr'>Dominus</span> <span class='ocrx_word' id='word_1_465' title='bbox 1696 3407 1763 3464; x_wconf 91' lang='lat' dir='ltr'>pro·</span> 
     </span>
     <span class='ocr_line' id='line_1_55' title="bbox 73 3473 1762 3554; baseline -0.001 -16"><span class='ocrx_word' id='word_1_466' title='bbox 73 3481 173 3548; x_wconf 88' lang='lat' dir='ltr'>dentes,</span> <span class='ocrx_word' id='word_1_467' title='bbox 193 3499 244 3554; x_wconf 92' lang='lat' dir='ltr'>per</span> <span class='ocrx_word' id='word_1_468' title='bbox 266 3497 350 3538; x_wconf 90' lang='lat' dir='ltr'>arma</span> <span class='ocrx_word' id='word_1_469' title='bbox 368 3479 493 3553; x_wconf 79' lang='lat' dir='ltr'>justitie</span> <span class='ocrx_word' id='word_1_470' title='bbox 507 3497 525 3536; x_wconf 92' lang='lat' dir='ltr'>a</span> <span class='ocrx_word' id='word_1_471' title='bbox 548 3479 658 3535; x_wconf 83' lang='lat' dir='ltr'>dextris</span> <span class='ocrx_word' id='word_1_472' title='bbox 679 3483 708 3535; x_wconf 92' lang='lat' dir='ltr'>et</span> <span class='ocrx_word' id='word_1_473' title='bbox 723 3496 740 3534; x_wconf 88' lang='lat' dir='ltr'>a</span> <span class='ocrx_word' id='word_1_474' title='bbox 755 3478 885 3534; x_wconf 89' lang='lat' dir='ltr'>sinistris</span> <span class='ocrx_word' id='word_1_475' title='bbox 938 3473 1026 3532; x_wconf 81' lang='lat' dir='ltr'>lisias</span> <span class='ocrx_word' id='word_1_476' title='bbox 1040 3482 1145 3542; x_wconf 88' lang='lat' dir='ltr'>oraret,</span> <span class='ocrx_word' id='word_1_477' title='bbox 1162 3477 1342 3534; x_wconf 88' lang='lat' dir='ltr'>descendens</span> <span class='ocrx_word' id='word_1_478' title='bbox 1358 3477 1480 3552; x_wconf 89' lang='lat' dir='ltr'>angelus</span> <span class='ocrx_word' id='word_1_479' title='bbox 1496 3479 1613 3536; x_wconf 90' lang='lat' dir='ltr'>Domini</span> <span class='ocrx_word' id='word_1_480' title='bbox 1628 3481 1664 3536; x_wconf 87' lang='lat' dir='ltr'>de</span> <span class='ocrx_word' id='word_1_481' title='bbox 1679 3479 1762 3552; x_wconf 84' lang='lat' dir='ltr'>eoelo,</span> 
     </span>
     <span class='ocr_line' id='line_1_56' title="bbox 72 3564 1764 3642; baseline 0.002 -19"><span class='ocrx_word' id='word_1_482' title='bbox 72 3568 129 3636; x_wconf 90' lang='lat' dir='ltr'>toti,</span> <span class='ocrx_word' id='word_1_483' title='bbox 143 3569 256 3626; x_wconf 76' lang='lat' dir='ltr'>estatis</span> <span class='ocrx_word' id='word_1_484' title='bbox 271 3567 477 3626; x_wconf 87' lang='lat' dir='ltr'>conaminibus</span> <span class='ocrx_word' id='word_1_485' title='bbox 489 3584 653 3640; x_wconf 84' lang='lat' dir='ltr'>repugnare</span> <span class='ocrx_word' id='word_1_486' title='bbox 664 3567 848 3623; x_wconf 87' lang='lat' dir='ltr'>studeamus.</span> <span class='ocrx_word' id='word_1_487' title='bbox 939 3564 1120 3620; x_wconf 85' lang='lat' dir='ltr'>contortabat</span> <span class='ocrx_word' id='word_1_488' title='bbox 1135 3581 1212 3622; x_wconf 86' lang='lat' dir='ltr'>eum.</span> <span class='ocrx_word' id='word_1_489' title='bbox 1230 3566 1261 3623; x_wconf 92' lang='lat' dir='ltr'>In</span> <span class='ocrx_word' id='word_1_490' title='bbox 1277 3567 1452 3624; x_wconf 89' lang='lat' dir='ltr'>documento</span> <span class='ocrx_word' id='word_1_491' title='bbox 1467 3583 1536 3641; x_wconf 84' lang='lat' dir='ltr'>ergo</span> <span class='ocrx_word' id='word_1_492' title='bbox 1549 3570 1703 3642; x_wconf 86' lang='lat' dir='ltr'>utriusque</span> <span class='ocrx_word' id='word_1_493' title='bbox 1715 3586 1764 3626; x_wconf 90' lang='lat' dir='ltr'>na·</span> 
     </span>
    </p>

    <p class='ocr_par' dir='ltr' id='par_1_16' title="bbox 73 3643 1773 5592">
     <span class='ocr_line' id='line_1_57' title="bbox 103 3643 1764 3731; baseline 0.001 -19"><span class='ocrx_word' id='word_1_494' title='bbox 103 3681 116 3708; x_wconf 71' lang='lat' dir='ltr'>a</span> <span class='ocrx_word' id='word_1_495' title='bbox 131 3659 208 3714; x_wconf 81' lang='lat' dir='ltr'>Tuae</span> <span class='ocrx_word' id='word_1_496' title='bbox 223 3658 265 3715; x_wconf 90' lang='lat' dir='ltr'>ait</span> <span class='ocrx_word' id='word_1_497' title='bbox 280 3643 322 3713; x_wconf 90' lang='lat' dir='ltr'>illi</span> <span class='ocrx_word' id='word_1_498' title='bbox 336 3657 442 3714; x_wconf 83' lang='lat' dir='ltr'>lesus:</span> <span class='ocrx_word' id='word_1_499' title='bbox 456 3656 545 3724; x_wconf 89' lang='lat' dir='ltr'>Vade,</span> <span class='ocrx_word' id='word_1_500' title='bbox 571 3656 689 3712; x_wconf 87' lang='lat' dir='ltr'>Satana.</span> <span class='ocrx_word' id='word_1_501' title='bbox 706 3679 720 3706; x_wconf 79' lang='lat' dir='ltr'>a</span> <span class='ocrx_word' id='word_1_502' title='bbox 745 3654 884 3712; x_wconf 87' lang='lat' dir='ltr'>Nonnulli</span> <span class='ocrx_word' id='word_1_503' title='bbox 939 3657 1011 3709; x_wconf 79' lang='lat' dir='ltr'>ture</span> <span class='ocrx_word' id='word_1_504' title='bbox 1027 3653 1105 3709; x_wconf 92' lang='lat' dir='ltr'>hune</span> <span class='ocrx_word' id='word_1_505' title='bbox 1121 3659 1149 3709; x_wconf 90' lang='lat' dir='ltr'>et</span> <span class='ocrx_word' id='word_1_506' title='bbox 1168 3654 1291 3728; x_wconf 84' lang='lat' dir='ltr'>angelus</span> <span class='ocrx_word' id='word_1_507' title='bbox 1314 3657 1508 3726; x_wconf 76' lang='lat' dir='ltr'>confortabat,</span> <span class='ocrx_word' id='word_1_508' title='bbox 1523 3662 1552 3714; x_wconf 92' lang='lat' dir='ltr'>et</span> <span class='ocrx_word' id='word_1_509' title='bbox 1575 3657 1643 3714; x_wconf 88' lang='lat' dir='ltr'>huic</span> <span class='ocrx_word' id='word_1_510' title='bbox 1667 3656 1764 3731; x_wconf 84' lang='lat' dir='ltr'>angeli</span> 
     </span>
     <span class='ocr_line' id='line_1_58' title="bbox 73 3741 1765 3817; baseline 0.002 -17"><span class='ocrx_word' id='word_1_511' title='bbox 73 3751 166 3816; x_wconf 85' lang='lat' dir='ltr'>putant</span> <span class='ocrx_word' id='word_1_512' title='bbox 178 3747 311 3803; x_wconf 86' lang='lat' dir='ltr'>eamdem</span> <span class='ocrx_word' id='word_1_513' title='bbox 322 3743 780 3802; x_wconf 84' lang='lat' dir='ltr'>sententiamaudissediabelum</span> <span class='ocrx_word' id='word_1_514' title='bbox 795 3761 885 3817; x_wconf 90' lang='lat' dir='ltr'>quam</span> <span class='ocrx_word' id='word_1_515' title='bbox 939 3741 1158 3798; x_wconf 83' lang='lat' dir='ltr'>ministrabant.</span> <span class='ocrx_word' id='word_1_516' title='bbox 1175 3743 1248 3807; x_wconf 87' lang='lat' dir='ltr'>Ouia</span> <span class='ocrx_word' id='word_1_517' title='bbox 1263 3744 1341 3802; x_wconf 87' lang='lat' dir='ltr'>enirn</span> <span class='ocrx_word' id='word_1_518' title='bbox 1358 3749 1434 3802; x_wconf 88' lang='lat' dir='ltr'>Deus</span> <span class='ocrx_word' id='word_1_519' title='bbox 1448 3751 1502 3815; x_wconf 90' lang='lat' dir='ltr'>est,</span> <span class='ocrx_word' id='word_1_520' title='bbox 1519 3745 1726 3806; x_wconf 87' lang='lat' dir='ltr'>ministrabant</span> <span class='ocrx_word' id='word_1_521' title='bbox 1736 3746 1765 3802; x_wconf 90' lang='lat' dir='ltr'>ei</span> 
     </span>
     <span class='ocr_line' id='line_1_59' title="bbox 74 3830 1762 3909; baseline 0.005 -23"><span class='ocrx_word' id='word_1_522' title='bbox 74 3839 97 3887; x_wconf 88' lang='lat' dir='ltr'>et</span> <span class='ocrx_word' id='word_1_523' title='bbox 109 3833 201 3890; x_wconf 87' lang='lat' dir='ltr'>Petrae</span> <span class='ocrx_word' id='word_1_524' title='bbox 217 3832 338 3904; x_wconf 89' lang='lat' dir='ltr'>audivit,</span> <span class='ocrx_word' id='word_1_525' title='bbox 353 3833 405 3890; x_wconf 85' lang='lat' dir='ltr'>sed</span> <span class='ocrx_word' id='word_1_526' title='bbox 421 3832 547 3890; x_wconf 88' lang='lat' dir='ltr'>multum</span> <span class='ocrx_word' id='word_1_527' title='bbox 558 3832 884 3890; x_wconf 79' lang='lat' dir='ltr'>intersediversesunt.</span> <span class='ocrx_word' id='word_1_528' title='bbox 940 3830 1049 3904; x_wconf 87' lang='lat' dir='ltr'>angeli:</span> <span class='ocrx_word' id='word_1_529' title='bbox 1065 3831 1135 3903; x_wconf 89' lang='lat' dir='ltr'>quia</span> <span class='ocrx_word' id='word_1_530' title='bbox 1149 3832 1237 3888; x_wconf 89' lang='lat' dir='ltr'>homo</span> <span class='ocrx_word' id='word_1_531' title='bbox 1247 3850 1332 3889; x_wconf 89' lang='lat' dir='ltr'>verus</span> <span class='ocrx_word' id='word_1_532' title='bbox 1340 3839 1394 3904; x_wconf 89' lang='lat' dir='ltr'>est,</span> <span class='ocrx_word' id='word_1_533' title='bbox 1404 3835 1586 3894; x_wconf 83' lang='lat' dir='ltr'>confortabat</span> <span class='ocrx_word' id='word_1_534' title='bbox 1593 3851 1659 3892; x_wconf 90' lang='lat' dir='ltr'>eum</span> <span class='ocrx_word' id='word_1_535' title='bbox 1675 3850 1762 3909; x_wconf 81' lang='lat' dir='ltr'>auge-</span> 
     </span>
     <span class='ocr_line' id='line_1_60' title="bbox 76 3913 1763 3999; baseline 0.004 -24"><span class='ocrx_word' id='word_1_536' title='bbox 76 3919 145 3978; x_wconf 90' lang='lat' dir='ltr'>Petro</span> <span class='ocrx_word' id='word_1_537' title='bbox 158 3923 233 3980; x_wconf 88' lang='lat' dir='ltr'>enim</span> <span class='ocrx_word' id='word_1_538' title='bbox 248 3921 417 3995; x_wconf 84' lang='lat' dir='ltr'>ignoranter</span> <span class='ocrx_word' id='word_1_539' title='bbox 432 3923 603 3996; x_wconf 80' lang='lat' dir='ltr'>mysterium</span> <span class='ocrx_word' id='word_1_540' title='bbox 619 3921 886 3994; x_wconf 86' lang='lat' dir='ltr'>passioniscentra·</span> <span class='ocrx_word' id='word_1_541' title='bbox 940 3917 1003 3976; x_wconf 92' lang='lat' dir='ltr'>lus:</span> <span class='ocrx_word' id='word_1_542' title='bbox 1021 3918 1159 3991; x_wconf 88' lang='lat' dir='ltr'>quoniam</span> <span class='ocrx_word' id='word_1_543' title='bbox 1175 3920 1212 3990; x_wconf 90' lang='lat' dir='ltr'>ei,</span> <span class='ocrx_word' id='word_1_544' title='bbox 1227 3921 1278 3994; x_wconf 93' lang='lat' dir='ltr'>qui</span> <span class='ocrx_word' id='word_1_545' title='bbox 1293 3921 1456 3980; x_wconf 86' lang='lat' dir='ltr'>minoratus</span> <span class='ocrx_word' id='word_1_546' title='bbox 1471 3928 1516 3979; x_wconf 88' lang='lat' dir='ltr'>est</span> <span class='ocrx_word' id='word_1_547' title='bbox 1526 3923 1719 3996; x_wconf 84' lang='lat' dir='ltr'>paulominus</span> <span class='ocrx_word' id='word_1_548' title='bbox 1726 3913 1763 3999; x_wconf 77' lang='lat' dir='ltr'>ab</span> 
     </span>
     <span class='ocr_line' id='line_1_61' title="bbox 77 4006 1764 4086; baseline 0.006 -24"><span class='ocrx_word' id='word_1_549' title='bbox 77 4009 166 4067; x_wconf 85' lang='lat' dir='ltr'>dicenti</span> <span class='ocrx_word' id='word_1_550' title='bbox 180 4012 293 4068; x_wconf 90' lang='lat' dir='ltr'>dictum</span> <span class='ocrx_word' id='word_1_551' title='bbox 308 4015 370 4068; x_wconf 88' lang='lat' dir='ltr'>est:</span> <span class='ocrx_word' id='word_1_552' title='bbox 386 4010 466 4067; x_wconf 84' lang='lat' dir='ltr'>Vade</span> <span class='ocrx_word' id='word_1_553' title='bbox 480 4015 746 4078; x_wconf 86' lang='lat' dir='ltr'>retrome,Setana,</span> <span class='ocrx_word' id='word_1_554' title='bbox 757 4011 886 4083; x_wconf 90' lang='lat' dir='ltr'>quodest</span> <span class='ocrx_word' id='word_1_555' title='bbox 940 4007 1053 4081; x_wconf 85' lang='lat' dir='ltr'>angelis</span> <span class='ocrx_word' id='word_1_556' title='bbox 1068 4006 1098 4063; x_wconf 92' lang='lat' dir='ltr'>in</span> <span class='ocrx_word' id='word_1_557' title='bbox 1113 4008 1307 4080; x_wconf 88' lang='lat' dir='ltr'>humanitate,</span> <span class='ocrx_word' id='word_1_558' title='bbox 1324 4009 1423 4068; x_wconf 88' lang='lat' dir='ltr'>omnia</span> <span class='ocrx_word' id='word_1_559' title='bbox 1434 4011 1641 4082; x_wconf 84' lang='lat' dir='ltr'>sahieetesunt</span> <span class='ocrx_word' id='word_1_560' title='bbox 1651 4013 1706 4069; x_wconf 88' lang='lat' dir='ltr'>sub</span> <span class='ocrx_word' id='word_1_561' title='bbox 1716 4029 1764 4086; x_wconf 82' lang='lat' dir='ltr'>pe·</span> 
     </span>
     <span class='ocr_line' id='line_1_62' title="bbox 77 4096 1763 4172; baseline 0.004 -22"><span class='ocrx_word' id='word_1_562' title='bbox 77 4097 169 4157; x_wconf 83' lang='lat' dir='ltr'>dicere:</span> <span class='ocrx_word' id='word_1_563' title='bbox 184 4101 322 4172; x_wconf 88' lang='lat' dir='ltr'>Sequere,</span> <span class='ocrx_word' id='word_1_564' title='bbox 338 4099 369 4155; x_wconf 86' lang='lat' dir='ltr'>id</span> <span class='ocrx_word' id='word_1_565' title='bbox 384 4103 430 4156; x_wconf 88' lang='lat' dir='ltr'>est</span> <span class='ocrx_word' id='word_1_566' title='bbox 444 4097 561 4156; x_wconf 86' lang='lat' dir='ltr'>imitare</span> <span class='ocrx_word' id='word_1_567' title='bbox 574 4115 632 4167; x_wconf 87' lang='lat' dir='ltr'>me,</span> <span class='ocrx_word' id='word_1_568' title='bbox 649 4100 700 4171; x_wconf 91' lang='lat' dir='ltr'>qui</span> <span class='ocrx_word' id='word_1_569' title='bbox 721 4098 886 4156; x_wconf 85' lang='lat' dir='ltr'>contrarius</span> <span class='ocrx_word' id='word_1_570' title='bbox 940 4096 1026 4152; x_wconf 89' lang='lat' dir='ltr'>dibus</span> <span class='ocrx_word' id='word_1_571' title='bbox 1040 4097 1104 4168; x_wconf 88' lang='lat' dir='ltr'>ejus</span> <span class='ocrx_word' id='word_1_572' title='bbox 1120 4098 1675 4171; x_wconf 82' lang='lat' dir='ltr'>perdivinitatem.0uaritumautemad</span> <span class='ocrx_word' id='word_1_573' title='bbox 1685 4099 1763 4157; x_wconf 89' lang='lat' dir='ltr'>litte-</span> 
     </span>
     <span class='ocr_line' id='line_1_63' title="bbox 77 4186 1770 4261; baseline 0.002 -20"><span class='ocrx_word' id='word_1_574' title='bbox 77 4200 101 4241; x_wconf 84' lang='lat' dir='ltr'>es</span> <span class='ocrx_word' id='word_1_575' title='bbox 112 4187 247 4245; x_wconf 79' lang='lat' dir='ltr'>vdnuteti</span> <span class='ocrx_word' id='word_1_576' title='bbox 263 4204 346 4244; x_wconf 77' lang='lat' dir='ltr'>mee.</span> <span class='ocrx_word' id='word_1_577' title='bbox 364 4186 485 4246; x_wconf 85' lang='lat' dir='ltr'>Diabolo</span> <span class='ocrx_word' id='word_1_578' title='bbox 500 4193 598 4244; x_wconf 74' lang='lat' dir='ltr'>auam</span> <span class='ocrx_word' id='word_1_579' title='bbox 613 4187 797 4256; x_wconf 80' lang='lat' dir='ltr'>condicitur,</span> <span class='ocrx_word' id='word_1_580' title='bbox 813 4187 886 4244; x_wconf 90' lang='lat' dir='ltr'>vade</span> <span class='ocrx_word' id='word_1_581' title='bbox 940 4201 1003 4242; x_wconf 84' lang='lat' dir='ltr'>ratu</span> <span class='ocrx_word' id='word_1_582' title='bbox 1019 4187 1156 4260; x_wconf 86' lang='lat' dir='ltr'>pertinet,</span> <span class='ocrx_word' id='word_1_583' title='bbox 1174 4187 1308 4243; x_wconf 88' lang='lat' dir='ltr'>serunthi</span> <span class='ocrx_word' id='word_1_584' title='bbox 1323 4189 1411 4259; x_wconf 91' lang='lat' dir='ltr'>quiin</span> <span class='ocrx_word' id='word_1_585' title='bbox 1420 4187 1625 4248; x_wconf 84' lang='lat' dir='ltr'>transmarinis</span> <span class='ocrx_word' id='word_1_586' title='bbox 1631 4189 1770 4261; x_wconf 87' lang='lat' dir='ltr'>partibus·</span> 
     </span>
     <span class='ocr_line' id='line_1_64' title="bbox 77 4274 1764 4350; baseline 0.002 -22"><span class='ocrx_word' id='word_1_587' title='bbox 77 4277 139 4332; x_wconf 85' lang='lat' dir='ltr'>retro</span> <span class='ocrx_word' id='word_1_588' title='bbox 151 4293 204 4344; x_wconf 90' lang='lat' dir='ltr'>me,</span> <span class='ocrx_word' id='word_1_589' title='bbox 220 4275 273 4332; x_wconf 84' lang='lat' dir='ltr'>sed</span> <span class='ocrx_word' id='word_1_590' title='bbox 287 4274 433 4350; x_wconf 85' lang='lat' dir='ltr'>absolute,</span> <span class='ocrx_word' id='word_1_591' title='bbox 448 4275 529 4345; x_wconf 87' lang='lat' dir='ltr'>vade,</span> <span class='ocrx_word' id='word_1_592' title='bbox 546 4277 664 4342; x_wconf 66' lang='lat' dir='ltr'>Sanam,</span> <span class='ocrx_word' id='word_1_593' title='bbox 681 4279 715 4330; x_wconf 91' lang='lat' dir='ltr'>ut</span> <span class='ocrx_word' id='word_1_594' title='bbox 729 4275 887 4333; x_wconf 89' lang='lat' dir='ltr'>subaudia—</span> <span class='ocrx_word' id='word_1_595' title='bbox 940 4279 1020 4344; x_wconf 89' lang='lat' dir='ltr'>sunt,</span> <span class='ocrx_word' id='word_1_596' title='bbox 1043 4275 1122 4346; x_wconf 91' lang='lat' dir='ltr'>qued</span> <span class='ocrx_word' id='word_1_597' title='bbox 1147 4274 1247 4332; x_wconf 87' lang='lat' dir='ltr'>nullus</span> <span class='ocrx_word' id='word_1_598' title='bbox 1272 4291 1357 4332; x_wconf 90' lang='lat' dir='ltr'>mons</span> <span class='ocrx_word' id='word_1_599' title='bbox 1373 4281 1433 4332; x_wconf 88' lang='lat' dir='ltr'>tarn</span> <span class='ocrx_word' id='word_1_600' title='bbox 1456 4275 1588 4334; x_wconf 82' lang='lat' dir='ltr'>excelsus</span> <span class='ocrx_word' id='word_1_601' title='bbox 1612 4277 1652 4333; x_wconf 87' lang='lat' dir='ltr'>sit</span> <span class='ocrx_word' id='word_1_602' title='bbox 1674 4291 1764 4348; x_wconf 86' lang='lat' dir='ltr'>quem</span> 
     </span>
     <span class='ocr_line' id='line_1_65' title="bbox 78 4360 1767 4437; baseline 0.004 -22"><span class='ocrx_word' id='word_1_603' title='bbox 78 4365 116 4417; x_wconf 91' lang='lat' dir='ltr'>tur</span> <span class='ocrx_word' id='word_1_604' title='bbox 126 4363 153 4419; x_wconf 95' lang='lat' dir='ltr'>in</span> <span class='ocrx_word' id='word_1_605' title='bbox 166 4365 325 4422; x_wconf 83' lang='lat' dir='ltr'>internum.</span> <span class='ocrx_word' id='word_1_606' title='bbox 342 4387 356 4414; x_wconf 76' lang='grc' dir='ltr'>α</span> <span class='ocrx_word' id='word_1_607' title='bbox 369 4363 516 4437; x_wconf 88' lang='lat' dir='ltr'>Scriptum</span> <span class='ocrx_word' id='word_1_608' title='bbox 536 4369 581 4420; x_wconf 88' lang='lat' dir='ltr'>est</span> <span class='ocrx_word' id='word_1_609' title='bbox 606 4364 701 4420; x_wconf 90' lang='lat' dir='ltr'>enim:</span> <span class='ocrx_word' id='word_1_610' title='bbox 728 4363 886 4420; x_wconf 88' lang='lat' dir='ltr'>Dominum</span> <span class='ocrx_word' id='word_1_611' title='bbox 941 4360 1092 4435; x_wconf 77' lang='lat' dir='ltr'>Olympus,</span> <span class='ocrx_word' id='word_1_612' title='bbox 1108 4363 1194 4433; x_wconf 80' lang='lat' dir='ltr'>cujus</span> <span class='ocrx_word' id='word_1_613' title='bbox 1208 4377 1349 4419; x_wconf 89' lang='lat' dir='ltr'>cacumen</span> <span class='ocrx_word' id='word_1_614' title='bbox 1363 4363 1409 4435; x_wconf 84' lang='lat' dir='ltr'>(us</span> <span class='ocrx_word' id='word_1_615' title='bbox 1422 4363 1767 4436; x_wconf 73' lang='lat' dir='ltr'>asseruntlsupernubes</span> 
     </span>
     <span class='ocr_line' id='line_1_66' title="bbox 81 4449 1766 4528; baseline -0.001 -20"><span class='ocrx_word' id='word_1_616' title='bbox 81 4471 90 4496; x_wconf 78' lang='lat' dir='ltr'>v</span> <span class='ocrx_word' id='word_1_617' title='bbox 106 4451 184 4512; x_wconf 89' lang='lat' dir='ltr'>Deam</span> <span class='ocrx_word' id='word_1_618' title='bbox 199 4458 285 4510; x_wconf 89' lang='lat' dir='ltr'>tuam</span> <span class='ocrx_word' id='word_1_619' title='bbox 301 4452 447 4520; x_wconf 84' lang='lat' dir='ltr'>adorabis,</span> <span class='ocrx_word' id='word_1_620' title='bbox 462 4457 492 4510; x_wconf 90' lang='lat' dir='ltr'>et</span> <span class='ocrx_word' id='word_1_621' title='bbox 507 4450 550 4508; x_wconf 90' lang='lat' dir='ltr'>illi</span> <span class='ocrx_word' id='word_1_622' title='bbox 566 4451 745 4510; x_wconf 87' lang='lat' dir='ltr'>soliservies.</span> <span class='ocrx_word' id='word_1_623' title='bbox 758 4475 772 4502; x_wconf 79' lang='lat' dir='ltr'>a</span> <span class='ocrx_word' id='word_1_624' title='bbox 787 4453 887 4510; x_wconf 82' lang='lat' dir='ltr'>Ethoc</span> <span class='ocrx_word' id='word_1_625' title='bbox 941 4455 995 4518; x_wconf 84' lang='lat' dir='ltr'>cat,</span> <span class='ocrx_word' id='word_1_626' title='bbox 1011 4455 1040 4508; x_wconf 90' lang='lat' dir='ltr'>et</span> <span class='ocrx_word' id='word_1_627' title='bbox 1054 4467 1106 4507; x_wconf 89' lang='lat' dir='ltr'>aee</span> <span class='ocrx_word' id='word_1_628' title='bbox 1121 4449 1162 4506; x_wconf 89' lang='lat' dir='ltr'>ibi</span> <span class='ocrx_word' id='word_1_629' title='bbox 1177 4449 1276 4523; x_wconf 87' lang='lat' dir='ltr'>pluvia</span> <span class='ocrx_word' id='word_1_630' title='bbox 1292 4450 1766 4528; x_wconf 81' lang='lat' dir='ltr'>neeimbertangit,Traditeutem</span> 
     </span>
     <span class='ocr_line' id='line_1_67' title="bbox 79 4537 1768 4626; baseline 0.002 -32"><span class='ocrx_word' id='word_1_631' title='bbox 79 4539 261 4598; x_wconf 85' lang='lat' dir='ltr'>testimonium</span> <span class='ocrx_word' id='word_1_632' title='bbox 278 4539 369 4602; x_wconf 82' lang='lat' dir='ltr'>(siout</span> <span class='ocrx_word' id='word_1_633' title='bbox 382 4546 411 4597; x_wconf 91' lang='lat' dir='ltr'>et</span> <span class='ocrx_word' id='word_1_634' title='bbox 432 4538 593 4616; x_wconf 86' lang='lat' dir='ltr'>superiore)</span> <span class='ocrx_word' id='word_1_635' title='bbox 609 4539 639 4598; x_wconf 91' lang='lat' dir='ltr'>in</span> <span class='ocrx_word' id='word_1_636' title='bbox 662 4541 886 4598; x_wconf 89' lang='lat' dir='ltr'>Deuteronomio</span> <span class='ocrx_word' id='word_1_637' title='bbox 902 4560 925 4626; x_wconf 77' lang='lat' dir='ltr'>y)</span> <span class='ocrx_word' id='word_1_638' title='bbox 941 4537 1044 4596; x_wconf 86' lang='lat' dir='ltr'>heatus</span> <span class='ocrx_word' id='word_1_639' title='bbox 1059 4539 1255 4611; x_wconf 84' lang='lat' dir='ltr'>Augustinus,</span> <span class='ocrx_word' id='word_1_640' title='bbox 1269 4539 1320 4612; x_wconf 90' lang='lat' dir='ltr'>qui</span> <span class='ocrx_word' id='word_1_641' title='bbox 1337 4540 1453 4598; x_wconf 83' lang='lat' dir='ltr'>luerent</span> <span class='ocrx_word' id='word_1_642' title='bbox 1465 4539 1714 4613; x_wconf 84' lang='lat' dir='ltr'>tortissimiatqne</span> <span class='ocrx_word' id='word_1_643' title='bbox 1724 4555 1768 4598; x_wconf 89' lang='lat' dir='ltr'>ro·</span> 
     </span>
     <span class='ocr_line' id='line_1_68' title="bbox 81 4625 1765 4706; baseline 0.002 -24"><span class='ocrx_word' id='word_1_644' title='bbox 81 4626 203 4701; x_wconf 80' lang='lat' dir='ltr'>seriptum</span> <span class='ocrx_word' id='word_1_645' title='bbox 219 4635 274 4687; x_wconf 85' lang='lat' dir='ltr'>eet.</span> <span class='ocrx_word' id='word_1_646' title='bbox 290 4629 346 4686; x_wconf 90' lang='lat' dir='ltr'>Ubi</span> <span class='ocrx_word' id='word_1_647' title='bbox 362 4628 609 4688; x_wconf 83' lang='lat' dir='ltr'>considerandum</span> <span class='ocrx_word' id='word_1_648' title='bbox 630 4629 715 4686; x_wconf 85' lang='lat' dir='ltr'>nobis</span> <span class='ocrx_word' id='word_1_649' title='bbox 738 4634 793 4698; x_wconf 82' lang='lat' dir='ltr'>est,</span> <span class='ocrx_word' id='word_1_650' title='bbox 818 4629 887 4702; x_wconf 90' lang='lat' dir='ltr'>qaia</span> <span class='ocrx_word' id='word_1_651' title='bbox 941 4625 1170 4699; x_wconf 86' lang='lat' dir='ltr'>bustissimi,qui</span> <span class='ocrx_word' id='word_1_652' title='bbox 1186 4627 1296 4684; x_wconf 83' lang='lat' dir='ltr'>estatis</span> <span class='ocrx_word' id='word_1_653' title='bbox 1311 4631 1440 4701; x_wconf 88' lang='lat' dir='ltr'>tempore</span> <span class='ocrx_word' id='word_1_654' title='bbox 1452 4627 1765 4706; x_wconf 73' lang='lat' dir='ltr'>ascenaeruntiueum,</span> 
     </span>
     <span class='ocr_line' id='line_1_69' title="bbox 82 4715 1767 4790; baseline 0.002 -19"><span class='ocrx_word' id='word_1_655' title='bbox 82 4716 262 4776; x_wconf 81' lang='lat' dir='ltr'>condicente</span> <span class='ocrx_word' id='word_1_656' title='bbox 278 4716 410 4776; x_wconf 66' lang='lat' dir='ltr'>habola:</span> <span class='ocrx_word' id='word_1_657' title='bbox 427 4741 441 4770; x_wconf 76' lang='lat' dir='ltr'>a</span> <span class='ocrx_word' id='word_1_658' title='bbox 457 4715 523 4774; x_wconf 79' lang='lat' dir='ltr'>ilaec</span> <span class='ocrx_word' id='word_1_659' title='bbox 538 4717 638 4773; x_wconf 87' lang='lat' dir='ltr'>omnia</span> <span class='ocrx_word' id='word_1_660' title='bbox 652 4715 706 4773; x_wconf 91' lang='lat' dir='ltr'>tibi</span> <span class='ocrx_word' id='word_1_661' title='bbox 721 4715 892 4786; x_wconf 82' lang='lat' dir='ltr'>debo,sica·</span> <span class='ocrx_word' id='word_1_662' title='bbox 945 4715 1099 4790; x_wconf 88' lang='lat' dir='ltr'>spongiam</span> <span class='ocrx_word' id='word_1_663' title='bbox 1114 4733 1215 4774; x_wconf 87' lang='lat' dir='ltr'>secum</span> <span class='ocrx_word' id='word_1_664' title='bbox 1230 4715 1267 4773; x_wconf 86' lang='lat' dir='ltr'>ad</span> <span class='ocrx_word' id='word_1_665' title='bbox 1283 4717 1630 4787; x_wconf 88' lang='lat' dir='ltr'>nareslerentes,neouon</span> <span class='ocrx_word' id='word_1_666' title='bbox 1642 4717 1767 4776; x_wconf 75' lang='lat' dir='ltr'>sannam</span> 
     </span>
     <span class='ocr_line' id='line_1_70' title="bbox 85 4803 1767 4886; baseline 0.001 -28"><span class='ocrx_word' id='word_1_667' title='bbox 85 4803 760 4878; x_wconf 69' lang='lat' dir='ltr'>adecenderaverisme,aDominusrespendit:</span> <span class='ocrx_word' id='word_1_668' title='bbox 771 4827 785 4856; x_wconf 91' lang='lat'>«</span> <span class='ocrx_word' id='word_1_669' title='bbox 797 4805 892 4862; x_wconf 89' lang='lat' dir='ltr'>Domi·</span> <span class='ocrx_word' id='word_1_670' title='bbox 945 4804 989 4860; x_wconf 88' lang='lat' dir='ltr'>vel</span> <span class='ocrx_word' id='word_1_671' title='bbox 1005 4805 1144 4875; x_wconf 88' lang='lat' dir='ltr'>cinerem,</span> <span class='ocrx_word' id='word_1_672' title='bbox 1169 4809 1197 4862; x_wconf 87' lang='lat' dir='ltr'>et</span> <span class='ocrx_word' id='word_1_673' title='bbox 1215 4805 1346 4863; x_wconf 85' lang='lat' dir='ltr'>lecerunt</span> <span class='ocrx_word' id='word_1_674' title='bbox 1369 4805 1566 4864; x_wconf 85' lang='lat' dir='ltr'>characterem</span> <span class='ocrx_word' id='word_1_675' title='bbox 1593 4804 1721 4886; x_wconf 84' lang='lat' dir='ltr'>aliquem</span> <span class='ocrx_word' id='word_1_676' title='bbox 1737 4804 1767 4860; x_wconf 92' lang='lat' dir='ltr'>iu</span> 
     </span>
     <span class='ocr_line' id='line_1_71' title="bbox 83 4891 1767 4968; baseline 0 -20"><span class='ocrx_word' id='word_1_677' title='bbox 83 4907 168 4948; x_wconf 72' lang='lat' dir='ltr'>anana</span> <span class='ocrx_word' id='word_1_678' title='bbox 182 4893 373 4952; x_wconf 89' lang='lat' dir='ltr'>Deumtuum</span> <span class='ocrx_word' id='word_1_679' title='bbox 389 4893 537 4960; x_wconf 80' lang='lat' dir='ltr'>adorabis,</span> <span class='ocrx_word' id='word_1_680' title='bbox 554 4891 892 4966; x_wconf 85' lang='lat' dir='ltr'>»ostenditquiadisbo-</span> <span class='ocrx_word' id='word_1_681' title='bbox 947 4892 1041 4948; x_wconf 80' lang='lat' dir='ltr'>farina</span> <span class='ocrx_word' id='word_1_682' title='bbox 1066 4891 1112 4949; x_wconf 89' lang='lat' dir='ltr'>vel</span> <span class='ocrx_word' id='word_1_683' title='bbox 1136 4894 1242 4960; x_wconf 90' lang='lat' dir='ltr'>cinere,</span> <span class='ocrx_word' id='word_1_684' title='bbox 1268 4897 1503 4968; x_wconf 87' lang='lat' dir='ltr'>revertentesque</span> <span class='ocrx_word' id='word_1_685' title='bbox 1528 4912 1605 4952; x_wconf 87' lang='lat' dir='ltr'>anne</span> <span class='ocrx_word' id='word_1_686' title='bbox 1633 4892 1767 4967; x_wconf 86' lang='lat' dir='ltr'>sequenti</span> 
     </span>
     <span class='ocr_line' id='line_1_72' title="bbox 84 4972 1771 5055; baseline 0.003 -21"><span class='ocrx_word' id='word_1_687' title='bbox 84 4972 121 5034; x_wconf 82' lang='lat' dir='ltr'>lua</span> <span class='ocrx_word' id='word_1_688' title='bbox 132 4979 209 5038; x_wconf 88' lang='lat' dir='ltr'>illum</span> <span class='ocrx_word' id='word_1_689' title='bbox 224 4981 310 5055; x_wconf 81' lang='lat' dir='ltr'>qaesi</span> <span class='ocrx_word' id='word_1_690' title='bbox 326 4981 417 5040; x_wconf 89' lang='lat' dir='ltr'>Deum</span> <span class='ocrx_word' id='word_1_691' title='bbox 433 4985 461 5038; x_wconf 91' lang='lat' dir='ltr'>et</span> <span class='ocrx_word' id='word_1_692' title='bbox 476 4983 640 5038; x_wconf 83' lang='lat' dir='ltr'>Creatorem</span> <span class='ocrx_word' id='word_1_693' title='bbox 656 4995 745 5036; x_wconf 89' lang='lat' dir='ltr'>suam</span> <span class='ocrx_word' id='word_1_694' title='bbox 770 4979 892 5038; x_wconf 85' lang='lat' dir='ltr'>adorere</span> <span class='ocrx_word' id='word_1_695' title='bbox 947 4979 1053 5038; x_wconf 85' lang='lat' dir='ltr'>iterum</span> <span class='ocrx_word' id='word_1_696' title='bbox 1080 4983 1275 5038; x_wconf 87' lang='lat' dir='ltr'>ascenderunt</span> <span class='ocrx_word' id='word_1_697' title='bbox 1293 4981 1363 5038; x_wconf 91' lang='lat' dir='ltr'>illue</span> <span class='ocrx_word' id='word_1_698' title='bbox 1386 4983 1469 5042; x_wconf 84' lang='lat' dir='ltr'>etita</span> <span class='ocrx_word' id='word_1_699' title='bbox 1492 4983 1674 5050; x_wconf 87' lang='lat' dir='ltr'>invenerunt,</span> <span class='ocrx_word' id='word_1_700' title='bbox 1691 4982 1771 5040; x_wconf 87' lang='lat' dir='ltr'>sicut</span> 
     </span>
     <span class='ocr_line' id='line_1_73' title="bbox 84 5061 1767 5145; baseline 0.007 -29"><span class='ocrx_word' id='word_1_701' title='bbox 84 5061 213 5135; x_wconf 86' lang='lat' dir='ltr'>debuerat,</span> <span class='ocrx_word' id='word_1_702' title='bbox 228 5087 288 5128; x_wconf 93' lang='lat' dir='ltr'>non</span> <span class='ocrx_word' id='word_1_703' title='bbox 304 5087 337 5127; x_wconf 86' lang='lat' dir='ltr'>se</span> <span class='ocrx_word' id='word_1_704' title='bbox 351 5070 388 5126; x_wconf 88' lang='lat' dir='ltr'>ad</span> <span class='ocrx_word' id='word_1_705' title='bbox 405 5069 598 5136; x_wconf 84' lang='lat' dir='ltr'>adorandum,</span> <span class='ocrx_word' id='word_1_706' title='bbox 615 5067 666 5140; x_wconf 90' lang='lat' dir='ltr'>qui</span> <span class='ocrx_word' id='word_1_707' title='bbox 677 5070 891 5134; x_wconf 87' lang='lat' dir='ltr'>cratereatura,</span> <span class='ocrx_word' id='word_1_708' title='bbox 946 5067 1137 5141; x_wconf 90' lang='lat' dir='ltr'>reliquerunt.</span> <span class='ocrx_word' id='word_1_709' title='bbox 1154 5070 1188 5126; x_wconf 82' lang='lat' dir='ltr'>et</span> <span class='ocrx_word' id='word_1_710' title='bbox 1201 5071 1231 5126; x_wconf 90' lang='lat' dir='ltr'>in</span> <span class='ocrx_word' id='word_1_711' title='bbox 1248 5069 1302 5126; x_wconf 92' lang='lat' dir='ltr'>boe</span> <span class='ocrx_word' id='word_1_712' title='bbox 1317 5071 1522 5128; x_wconf 79' lang='lat' dir='ltr'>manifestatur</span> <span class='ocrx_word' id='word_1_713' title='bbox 1535 5073 1605 5145; x_wconf 87' lang='lat' dir='ltr'>quia</span> <span class='ocrx_word' id='word_1_714' title='bbox 1620 5087 1767 5145; x_wconf 81' lang='lat' dir='ltr'>supernu-</span> 
     </span>
     <span class='ocr_line' id='line_1_74' title="bbox 84 5147 1769 5233; baseline 0.008 -30"><span class='ocrx_word' id='word_1_715' title='bbox 84 5153 187 5214; x_wconf 80' lang='lat' dir='ltr'>tentere.</span> <span class='ocrx_word' id='word_1_716' title='bbox 198 5147 254 5216; x_wconf 87' lang='lat' dir='ltr'>Sed</span> <span class='ocrx_word' id='word_1_717' title='bbox 269 5158 421 5233; x_wconf 82' lang='lat' dir='ltr'>queritur,</span> <span class='ocrx_word' id='word_1_718' title='bbox 428 5173 495 5214; x_wconf 90' lang='lat' dir='ltr'>cnm</span> <span class='ocrx_word' id='word_1_719' title='bbox 505 5155 745 5214; x_wconf 85' lang='lat' dir='ltr'>Dominasdicat:</span> <span class='ocrx_word' id='word_1_720' title='bbox 758 5179 773 5206; x_wconf 79' lang='lat' dir='ltr'>e</span> <span class='ocrx_word' id='word_1_721' title='bbox 782 5155 824 5215; x_wconf 91' lang='lat' dir='ltr'>illi</span> <span class='ocrx_word' id='word_1_722' title='bbox 840 5153 895 5213; x_wconf 87' lang='lat' dir='ltr'>soli</span> <span class='ocrx_word' id='word_1_723' title='bbox 949 5158 1001 5214; x_wconf 89' lang='lat' dir='ltr'>hes</span> <span class='ocrx_word' id='word_1_724' title='bbox 1015 5161 1070 5226; x_wconf 88' lang='lat' dir='ltr'>est,</span> <span class='ocrx_word' id='word_1_725' title='bbox 1085 5160 1114 5214; x_wconf 88' lang='lat' dir='ltr'>et</span> <span class='ocrx_word' id='word_1_726' title='bbox 1128 5173 1184 5216; x_wconf 87' lang='lat' dir='ltr'>neo</span> <span class='ocrx_word' id='word_1_727' title='bbox 1196 5157 1236 5212; x_wconf 94' lang='lat' dir='ltr'>ibi</span> <span class='ocrx_word' id='word_1_728' title='bbox 1251 5157 1355 5228; x_wconf 87' lang='lat' dir='ltr'>imber,</span> <span class='ocrx_word' id='word_1_729' title='bbox 1372 5175 1425 5215; x_wconf 91' lang='lat' dir='ltr'>nee</span> <span class='ocrx_word' id='word_1_730' title='bbox 1440 5159 1548 5233; x_wconf 85' lang='lat' dir='ltr'>pluvia,</span> <span class='ocrx_word' id='word_1_731' title='bbox 1558 5177 1652 5232; x_wconf 90' lang='lat' dir='ltr'>neque</span> <span class='ocrx_word' id='word_1_732' title='bbox 1665 5163 1769 5216; x_wconf 88' lang='lat' dir='ltr'>ventus</span> 
     </span>
     <span class='ocr_line' id='line_1_75' title="bbox 86 5243 1771 5322; baseline 0.002 -22"><span class='ocrx_word' id='word_1_733' title='bbox 86 5245 212 5314; x_wconf 65' lang='lat' dir='ltr'>arente,</span> <span class='ocrx_word' id='word_1_734' title='bbox 227 5271 242 5300; x_wconf 76' lang='lat' dir='ltr'>a</span> <span class='ocrx_word' id='word_1_735' title='bbox 258 5263 351 5320; x_wconf 87' lang='lat' dir='ltr'>quare</span> <span class='ocrx_word' id='word_1_736' title='bbox 366 5244 519 5320; x_wconf 86' lang='lat' dir='ltr'>apostolus</span> <span class='ocrx_word' id='word_1_737' title='bbox 534 5243 727 5303; x_wconf 85' lang='lat' dir='ltr'>Paulusdieat</span> <span class='ocrx_word' id='word_1_738' title='bbox 736 5259 788 5316; x_wconf 87' lang='lat' dir='ltr'>per</span> <span class='ocrx_word' id='word_1_739' title='bbox 803 5243 897 5301; x_wconf 89' lang='lat' dir='ltr'>ohari-</span> <span class='ocrx_word' id='word_1_740' title='bbox 950 5244 1011 5302; x_wconf 85' lang='lat' dir='ltr'>Det.</span> <span class='ocrx_word' id='word_1_741' title='bbox 1028 5243 1224 5318; x_wconf 79' lang='lat' dir='ltr'>spiritualiter</span> <span class='ocrx_word' id='word_1_742' title='bbox 1236 5262 1314 5312; x_wconf 90' lang='lat' dir='ltr'>vere,</span> <span class='ocrx_word' id='word_1_743' title='bbox 1331 5263 1383 5320; x_wconf 87' lang='lat' dir='ltr'>per</span> <span class='ocrx_word' id='word_1_744' title='bbox 1396 5251 1526 5306; x_wconf 90' lang='lat' dir='ltr'>montem</span> <span class='ocrx_word' id='word_1_745' title='bbox 1541 5247 1688 5308; x_wconf 85' lang='lat' dir='ltr'>excelsum</span> <span class='ocrx_word' id='word_1_746' title='bbox 1707 5248 1771 5322; x_wconf 77' lang='lat' dir='ltr'>ipse</span> 
     </span>
     <span class='ocr_line' id='line_1_76' title="bbox 85 5327 1770 5411; baseline 0.001 -23"><span class='ocrx_word' id='word_1_747' title='bbox 85 5327 163 5388; x_wconf 62' lang='lat' dir='ltr'>Ubus</span> <span class='ocrx_word' id='word_1_748' title='bbox 173 5336 278 5393; x_wconf 81' lang='lat' dir='ltr'>servire</span> <span class='ocrx_word' id='word_1_749' title='bbox 292 5335 430 5392; x_wconf 87' lang='lat' dir='ltr'>invicem.</span> <span class='ocrx_word' id='word_1_750' title='bbox 445 5333 595 5398; x_wconf 80' lang='lat' dir='ltr'>Quomodo</span> <span class='ocrx_word' id='word_1_751' title='bbox 611 5347 679 5405; x_wconf 87' lang='lat' dir='ltr'>ergo</span> <span class='ocrx_word' id='word_1_752' title='bbox 698 5331 823 5388; x_wconf 90' lang='lat' dir='ltr'>Domino</span> <span class='ocrx_word' id='word_1_753' title='bbox 840 5333 883 5390; x_wconf 87' lang='lat' dir='ltr'>sol</span> <span class='ocrx_word' id='word_1_754' title='bbox 951 5332 1770 5411; x_wconf 81' lang='lat' dir='ltr'>diabolusintelligitor,dequoalihiseriptumest:«Vul·</span> 
     </span>
     <span class='ocr_line' id='line_1_77' title="bbox 87 5420 1773 5500; baseline 0.004 -25"><span class='ocrx_word' id='word_1_755' title='bbox 87 5421 178 5478; x_wconf 79' lang='lat' dir='ltr'>servire</span> <span class='ocrx_word' id='word_1_756' title='bbox 192 5420 897 5497; x_wconf 76' lang='lat' dir='ltr'>precipitur,eumservitiumeemmunedioiturl</span> <span class='ocrx_word' id='word_1_757' title='bbox 952 5426 1072 5478; x_wconf 86' lang='lat' dir='ltr'>neratus</span> <span class='ocrx_word' id='word_1_758' title='bbox 1086 5425 1163 5477; x_wconf 89' lang='lat' dir='ltr'>esta</span> <span class='ocrx_word' id='word_1_759' title='bbox 1186 5426 1285 5479; x_wconf 87' lang='lat' dir='ltr'>monte</span> <span class='ocrx_word' id='word_1_760' title='bbox 1307 5423 1389 5496; x_wconf 75' lang='lat' dir='ltr'>Tyri:</span> <span class='ocrx_word' id='word_1_761' title='bbox 1401 5447 1415 5478; x_wconf 82' lang='lat' dir='ltr'>a</span> <span class='ocrx_word' id='word_1_762' title='bbox 1433 5431 1462 5482; x_wconf 91' lang='lat' dir='ltr'>et</span> <span class='ocrx_word' id='word_1_763' title='bbox 1485 5425 1639 5500; x_wconf 90' lang='lat' dir='ltr'>propheta:</span> <span class='ocrx_word' id='word_1_764' title='bbox 1666 5449 1680 5477; x_wconf 89' lang='lat'>«</span> <span class='ocrx_word' id='word_1_765' title='bbox 1696 5424 1773 5489; x_wconf 87' lang='lat' dir='ltr'>Quo·</span> 
     </span>
     <span class='ocr_line' id='line_1_78' title="bbox 87 5501 1772 5592; baseline 0.003 -27"><span class='ocrx_word' id='word_1_766' title='bbox 87 5501 215 5570; x_wconf 78' lang='lat' dir='ltr'>Quomodo</span> <span class='ocrx_word' id='word_1_767' title='bbox 228 5517 327 5570; x_wconf 86' lang='lat' dir='ltr'>autem</span> <span class='ocrx_word' id='word_1_768' title='bbox 343 5516 506 5585; x_wconf 88' lang='lat' dir='ltr'>utramque</span> <span class='ocrx_word' id='word_1_769' title='bbox 520 5507 703 5566; x_wconf 82' lang='lat' dir='ltr'>contrarium</span> <span class='ocrx_word' id='word_1_770' title='bbox 719 5525 778 5565; x_wconf 91' lang='lat' dir='ltr'>uon</span> <span class='ocrx_word' id='word_1_771' title='bbox 794 5509 842 5580; x_wconf 86' lang='lat' dir='ltr'>sit,</span> <span class='ocrx_word' id='word_1_772' title='bbox 856 5511 897 5570; x_wconf 85' lang='lat' dir='ltr'>la·</span> <span class='ocrx_word' id='word_1_773' title='bbox 953 5511 1040 5570; x_wconf 90' lang='lat' dir='ltr'>modo</span> <span class='ocrx_word' id='word_1_774' title='bbox 1055 5511 1184 5568; x_wconf 88' lang='lat' dir='ltr'>cecidisti</span> <span class='ocrx_word' id='word_1_775' title='bbox 1200 5511 1235 5568; x_wconf 91' lang='lat' dir='ltr'>de</span> <span class='ocrx_word' id='word_1_776' title='bbox 1246 5511 1328 5581; x_wconf 85' lang='lat' dir='ltr'>eoelo,</span> <span class='ocrx_word' id='word_1_777' title='bbox 1338 5513 1462 5586; x_wconf 81' lang='lat' dir='ltr'>Lucifer,</span> <span class='ocrx_word' id='word_1_778' title='bbox 1470 5515 1519 5592; x_wconf 91' lang='lat' dir='ltr'>qui</span> <span class='ocrx_word' id='word_1_779' title='bbox 1529 5512 1772 5588; x_wconf 79' lang='lat' dir='ltr'>meoaorieharis,</span> 
     </span>
    </p>
   </div>
   <div class='ocr_carea' id='block_1_15' title="bbox 86 5593 1774 5804">
    <p class='ocr_par' dir='ltr' id='par_1_17' title="bbox 86 5593 1774 5804">
     <span class='ocr_line' id='line_1_79' title="bbox 86 5593 1774 5683; baseline 0.009 -35"><span class='ocrx_word' id='word_1_780' title='bbox 86 5593 129 5652; x_wconf 87' lang='lat' dir='ltr'>rite</span> <span class='ocrx_word' id='word_1_781' title='bbox 137 5604 316 5675; x_wconf 83' lang='lat' dir='ltr'>agnoscimus</span> <span class='ocrx_word' id='word_1_782' title='bbox 333 5601 356 5660; x_wconf 91' lang='lat' dir='ltr'>si</span> <span class='ocrx_word' id='word_1_783' title='bbox 373 5599 584 5680; x_wconf 86' lang='lat' dir='ltr'>proprietatem</span> <span class='ocrx_word' id='word_1_784' title='bbox 601 5595 689 5656; x_wconf 85' lang='lat' dir='ltr'>Greci</span> <span class='ocrx_word' id='word_1_785' title='bbox 699 5597 855 5677; x_wconf 84' lang='lat' dir='ltr'>sermonis,</span> <span class='ocrx_word' id='word_1_786' title='bbox 865 5615 899 5658; x_wconf 84' lang='lat' dir='ltr'>ex</span> <span class='ocrx_word' id='word_1_787' title='bbox 954 5599 1004 5683; x_wconf 87' lang='lat' dir='ltr'>qui</span> <span class='ocrx_word' id='word_1_788' title='bbox 1020 5600 1049 5660; x_wconf 90' lang='lat' dir='ltr'>in</span> <span class='ocrx_word' id='word_1_789' title='bbox 1065 5601 1212 5661; x_wconf 84' lang='lat' dir='ltr'>cordetuo</span> <span class='ocrx_word' id='word_1_790' title='bbox 1225 5601 1340 5664; x_wconf 83' lang='lat' dir='ltr'>dixisti:</span> <span class='ocrx_word' id='word_1_791' title='bbox 1358 5606 1389 5666; x_wconf 89' lang='lat' dir='ltr'>ln</span> <span class='ocrx_word' id='word_1_792' title='bbox 1399 5596 1774 5677; x_wconf 64' lang='lat' dir='ltr'>carcassonensem</span> 
     </span>
     <span class='ocr_line' id='line_1_80' title="bbox 227 5729 1613 5804; baseline 0.003 -8"><span class='ocrx_word' id='word_1_793' title='bbox 227 5730 360 5804; x_wconf 78' lang='lat' dir='ltr'>Pareat.</span> <span class='ocrx_word' id='word_1_794' title='bbox 384 5729 517 5800; x_wconf 86' lang='lat' dir='ltr'>cxvttt</span> <span class='ocrx_word' id='word_1_795' title='bbox 1597 5737 1613 5800; x_wconf 83' lang='lat' dir='ltr'>i</span> 
     </span>
    </p>
   </div>
   <div class='ocr_carea' id='block_1_16' title="bbox 0 0 1982 6164">
    <p class='ocr_par' dir='ltr' id='par_1_18' title="bbox 0 0 1982 6164">
     <span class='ocr_line' id='line_1_81' title="bbox 0 0 1982 6164; baseline 0 0"><span class='ocrx_word' id='word_1_796' title='bbox 0 0 1982 6164; x_wconf 95' lang='lat' dir='ltr'> </span> 
     </span>
    </p>
   </div>
  </div>
 </body>
</html>
