4018 6178
233 367 272 427 ts
441 453 447 460 .
515 367 720 431 Hannonis
742 301 1013 430 Hennensem&
1037 365 1159 429 uersu.
1182 367 1269 429 OPP.
1293 366 1392 428 PARS
1414 363 1656 432 11‚.-H0nt1L.
1891 361 1930 456 RD

235 503 276 558 uit
290 500 319 556 in
340 499 495 575 Evangelio
512 517 519 556 :
536 524 549 552 ιι
566 500 596 558 Si
619 517 665 558 me
691 501 835 575 persecuti
859 504 937 569 sunt,
955 503 983 557 et
1005 517 1057 556 vos
1071 501 1191 572 Aquod
1208 497 1930 574 respondendum,quiatrihusJudaetBenjamin‚

232 594 447 664 persequentur
462 592 551 661 (loon.
569 593 626 662 xv).
645 613 658 640 a
674 591 710 647 ut
724 590 899 664 Apostolus:
918 613 931 642 ιι
948 589 1056 647 Omnes
1113 593 1145 645 ut
1157 591 1241 646 nctus
1256 594 1356 646 narrat
1370 587 1592 661 historia,juxta
1602 604 1634 644 se
1648 585 1844 644 hereditatem
1857 603 1932 644 acce

232 680 282 754 qui
298 680 345 754 pie
358 678 461 735 volunt
475 679 568 736 vivere
583 678 613 737 in
630 679 753 750 Christo,
762 679 995 752 persecutionem
1009 695 1057 752 pa·
1111 682 1227 752 parunt,
1241 683 1269 734 ct
1283 677 1430 734 tunicatus
1446 677 1534 734 sortis
1549 675 1704 748 Berijamin
1719 669 1809 749 prope
1824 674 1932 732 Bethle-

232 769 341 826 tientur
356 770 393 842 (ll
407 771 474 825 Tim.
487 769 540 842 ιιι).
552 791 565 818 n
581 770 616 826 ut
631 769 706 825 sieut
721 769 763 824 ait
777 768 942 841 scripture:
956 791 970 819 ιι
980 771 1057 824 Vasa
1111 767 1179 824 hem
1195 767 1391 839 perveniebat.
1409 768 1442 822 et
1457 766 1527 840 quia
1549 763 1677 822 Herodes
1692 767 1864 839 preceperat
1876 781 1932 820 neu

232 857 313 933 figuli
331 859 435 934 probat
449 858 562 928 fornax,
574 861 603 914 et
617 858 751 914 homines
760 859 858 930 justos
870 857 991 914 tentatio
1007 855 1058 914 tri·
1112 856 1208 914 solum
1224 855 1255 912 in
1270 855 1450 925 Bethlehem,
1462 855 1513 912 scd
1528 853 1617 911 etiam
1631 852 1662 910 in
1678 852 1816 910 omnihus
1831 851 1933 912 finibus

232 947 391 1006 bulationis
407 949 488 1018 (Ecet.
505 947 603 1020 xxvn).
621 947 732 1011 »Quod
752 963 818 1003 vero
834 945 916 1021 pueri
931 963 984 1020 pro
999 946 1056 1002 Do·
1111 946 1176 1018 ejus
1192 962 1298 1018 pueros
1313 943 1416 1014 occidi,
1433 942 1626 1017 intelligimus
1649 959 1701 1018 per
1720 941 1796 999 hanc
1812 943 1933 999 occasio·

235 1035 314 1094 mino
325 1036 413 1094 occisi
425 1039 502 1104 sunt,
512 1034 657 1110 significat
667 1052 719 1108 per
728 1034 904 1092 humilitatis
919 1035 1057 1092 meritum
1112 1051 1179 1092 nem
1195 1033 1356 1108 permultos
1372 1034 1408 1090 do
1419 1033 1510 1107 stirpe
1523 1033 1676 1104 Beniamin
1688 1048 1752 1089 esse
1763 1049 1933 1106 cesosquos

235 1127 270 1182 ad
286 1141 422 1182 coronam
439 1123 571 1196 martyrii
587 1140 651 1180 esse
665 1123 938 1196 veniendum‚quod
950 1122 1056 1192 omnis,
1112 1122 1218 1181 Rachel
1236 1128 1329 1180 mater
1344 1121 1455 1179 elevata
1468 1121 1498 1178 in
1515 1121 1662 1179 excelsum
1673 1137 1742 1178 tuoe
1754 1119 1880 1196 plorasse
1894 1121 1935 1196 di-

235 1219 267 1270 ut
282 1213 423 1270 Dominus
440 1212 489 1280 ait,
507 1213 557 1286 qui
574 1229 605 1268 se
619 1212 766 1282 humiliat,
783 1211 968 1269 exaltabitur.
985 1213 1058 1268 Pue·
1112 1213 1198 1281 citur,
1228 1216 1261 1268 ut
1296 1210 1509 1284 persecutionis
1540 1209 1711 1268 immanitas
1741 1213 1933 1285 exaggeretur,

234 1319 332 1358 rarum
348 1301 427 1358 enim
442 1301 1059 1376 innocentia‚humilitatemsignificetsim·
1112 1301 1230 1375 quando
1245 1299 1310 1375 ipsa
1331 1303 1425 1356 mater
1449 1299 1544 1374 egisse
1568 1299 1686 1366 dicitur,
1712 1300 1791 1371 quod
1815 1300 1849 1356 ab
1872 1300 1932 1372 ejus

233 1391 412 1466 pliciumDe
424 1391 561 1464 qualibus
573 1391 716 1446 Dominus
728 1391 767 1446 ait
778 1408 783 1445 :
794 1415 805 1439 ιι
820 1390 910 1446 Sinite
922 1391 1057 1464 parvulos
1112 1391 1190 1446 tribu
1207 1391 1318 1446 iactum
1333 1389 1529 1463 cognoscit-nr.
1546 1389 1597 1445 list
1612 1393 1640 1444 et
1653 1388 1730 1444 aliud
1745 1389 1821 1464 quod
1841 1389 1867 1444 in
1882 1388 1933 1444 hoc

232 1481 330 1536 venire
345 1481 380 1534 ad
397 1495 461 1547 me;
479 1479 583 1536 talium
608 1483 653 1533 est
677 1478 755 1533 enim
779 1495 903 1552 rognum
919 1478 1057 1536 coelornm
1113 1479 1176 1536 loco
1193 1480 1322 1552 prudens
1336 1478 1427 1535 lector
1438 1478 1563 1552 adjicere
1573 1477 1935 1552 potestquiasicuttleno·

234 1569 336 1643 (natta.
353 1565 455 1638 mxu»
471 1569 505 1623 Ει
525 1566 656 1623 iterum:
677 1587 688 1615 ι
705 1567 766 1623 Nisi
791 1568 921 1624 conversi
946 1569 1059 1624 fueritis
1113 1569 1155 1626 sis
1171 1571 1270 1625 narrat
1284 1567 1407 1625 historia
1424 1567 1499 1641 (Gen.
1516 1568 1609 1640 aaran),
1628 1566 1735 1624 Rachel
1759 1566 1871 1640 sepulta
1892 1571 1935 1624 est

232 1663 259 1714 et
270 1657 438 1714 efficiamini
451 1657 527 1712 sicut
538 1654 660 1728 parvuli,
669 1673 726 1712 nou
737 1656 883 1712 intrabitis
895 1656 924 1712 in
936 1674 1058 1732 rognum
1114 1675 1203 1732 prope
1218 1657 1398 1726 Bethlehem,
1407 1657 1493 1730 juxta
1503 1657 1580 1712 riam
1596 1673 1660 1729 quae
1675 1656 1756 1712 ducit
1770 1655 1891 1724 Helicon,
1901 1658 1936 1714 si-

233 1747 383 1803 culorum,
408 1768 421 1793 a
444 1743 564 1808 Quando
582 1748 680 1800 autem
695 1745 789 1818 pueri,
804 1751 837 1801 ut
852 1745 989 1816 diximus,
1007 1763 1058 1820 pro
1114 1753 1163 1804 eut
1179 1745 1284 1804 titulus
1301 1746 1485 1803 monumenti
1501 1747 1566 1820 eJ'us
1576 1749 1713 1802 testatur.
1729 1744 1811 1809 Oued
1825 1745 1934 1818 ergoab

234 1834 347 1892 Christo
362 1831 507 1890 interlecti
523 1837 604 1900 sunt,
620 1834 669 1890 sed
686 1833 820 1890 Christus
842 1835 893 1906 qui
909 1835 1059 1907 quaereha-
1075 1871 1098 1936 B
1114 1834 1180 1892 aliis
1197 1838 1312 1892 constat
1326 1835 1447 1900 lactum,
1464 1834 1528 1908 ipsa
1554 1832 1723 1908 prophetico
1744 1849 1824 1890 mere
1836 1833 1935 1892 laeuae

234 1931 281 1980 tur
297 1940 355 1979 non
371 1925 416 1979 est
432 1922 578 1991 inventus,
595 1922 763 1978 ostenditur
775 1922 843 1996 quia
859 1929 1060 1996 persecutores
1115 1924 1232 1992 dicitur,
1244 1942 1278 1982 ax
1292 1925 1377 1996 cujus
1388 1923 1539 2000 sepultura
1552 1921 1634 1980 locus
1650 1922 1699 1980 ille
1710 1921 1935 1996 iusigaenomen

234 2017 397 2086 martyrum
413 2011 623 2083 corporumale
642 2015 769 2068 tractare
794 2017 919 2084 possunt
942 2017 970 2070 ει
984 2013 1059 2070 occi·
1114 2013 1242 2070 habebnt
1271 2013 1363 2086 (loun.
1394 2012 1486 2083 axxx).
1517 2010 1717 2085 Spiritualiter
1741 2027 1804 2068 vero
1828 2010 1934 2068 Rachel

234 2102 312 2168 dere,
329 2101 380 2156 sed
395 2116 490 2172 neque
505 2117 522 2156 a
536 2100 712 2168 viventibus,
725 2117 819 2174 neque
834 2119 851 2158 a
867 2102 1060 2158 morientibus
1115 2104 1190 2176 (que
1206 2105 1264 2159 ovis
1278 2101 1323 2158 vel
1339 2103 1413 2158 visua
1424 2102 1597 2176 pertractatum
1613 2101 1829 2174 interpretatur)
1842 2100 1936 2158 Docle-

235 2190 383 2247 Christum
399 2189 523 2257 aulerre,
540 2189 590 2260 qui
606 2194 732 2262 possunt
746 2191 841 2246 dicere
858 2207 865 2247 :
882 2214 896 2241 ιι
910 2191 974 2247 Sive
988 2192 1060 2248 vivi·
1114 2191 1188 2248 siam
1200 2191 1357 2265 significat,
1368 2207 1431 2263 quae
1443 2194 1519 2250 recte
1534 2190 1614 2246 visus
1630 2189 1808 2264 principium
1822 2189 1934 2260 dicitur,

235 2297 312 2348 mus,
325 2279 449 2335 Domino
463 2278 589 2334 vivimus
606 2295 612 2334 :
629 2278 689 2334 sive
705 2278 989 2346 morimur,Domino
1000 2297 1060 2337 mo·
1114 2280 1194 2352 quia,
1210 2281 1352 2338 mundato
1368 2279 1463 2336 cordis
1478 2278 1573 2346 oculo,
1590 2278 1669 2336 illius
1691 2277 1935 2352 pulchritudinem

234 2369 336 2423 rimur.
355 2368 419 2424 Sive
435 2367 513 2423 enim
529 2366 665 2440 vivimus,
682 2367 742 2422 sivo
766 2367 919 2436 morimur,
943 2369 1058 2425 Domini
1115 2368 1305 2441 contemplari
1321 2369 1477 2436 desiderat,
1500 2367 1550 2442 qui
1565 2368 1607 2424 ait
1622 2384 1629 2424 ε
1647 2391 1661 2418 ιι
1678 2368 1738 2441 Ego
1762 2367 1935 2442 principium

233 2473 338 2512 sumus
354 2457 441 2528 (Reor.
458 2459 527 2525 xiv),
540 2477 554 2504 a
570 2455 624 2511 Per
637 2471 686 2511 eos
702 2459 799 2512 autem
816 2455 867 2528 qui
884 2457 955 2512 bimi
971 2457 1059 2515 occisi
1114 2459 1164 2531 qui
1181 2463 1209 2514 et
1224 2457 1327 2532 loquor
1348 2456 1430 2514 vobis
1455 2457 1544 2520 (loen.
1566 2459 1638 2524 vm).
1656 2479 1670 2506 a
1686 2457 1752 2529 lpse
1766 2473 1880 2530 quoque
1893 2463 1937 2514 est

233 2550 311 2612 sunt,
324 2545 367 2601 illi
383 2543 588 2618 significantur
602 2545 651 2616 qui
667 2545 786 2616 perlecti
803 2549 872 2602 sunt
883 2546 913 2602 in
929 2563 1014 2619 opere
1030 2552 1059 2604 ct
1114 2547 1175 2604 ovis
1191 2546 1458 2619 centesima,quam
1470 2547 1536 2619 pius
1547 2549 1647 2619 pastor
1657 2545 1805 2604 inventam
1816 2546 1937 2618 propriis

232 2635 374 2703 doctrina,
391 2634 522 2707 quicum
549 2632 758 2690 benevivendo
774 2638 802 2689 et
824 2639 900 2691 recte
915 2636 1057 2703 docendo,
1112 2636 1246 2692 humeris
1257 2635 1408 2708 imposuit,
1416 2638 1444 2692 et
1457 2635 1498 2692 sio
1509 2634 1667 2708 reportavit
1681 2635 1718 2691 ad
1733 2650 1850 2708 gregem
1863 2637 1937 2705 (tue.

232 2724 357 2782 aliorum
374 2721 536 2796 nequitiam
549 2722 711 2794 increpant,
722 2739 816 2795 usque
833 2724 868 2780 ad
884 2724 1058 2781 allusionem
1113 2729 1170 2794 xv).
1187 2725 1284 2782 Plorat
1298 2741 1366 2798 ergo
1388 2723 1495 2782 Rachel
1520 2722 1597 2780 tilios
1621 2739 1705 2794 suos,
1718 2723 1789 2798 quia
1814 2723 1938 2781 Ecclesia

232 2811 384 2887 sanguinis
400 2811 560 2868 decertant.
576 2810 629 2866 Per
643 2809 709 2865 illos
724 2826 791 2867 vero
806 2812 856 2884 qui
870 2811 957 2880 intra,
970 2813 1059 2886 sigui·
1113 2831 1166 2888 pro
1181 2813 1383 2888 persecutione
1407 2813 1538 2870 tidelium
1559 2812 1661 2886 gemit.
1677 2813 1740 2870 Non
1764 2811 1827 2870 vult
1841 2817 1937 2870 autem

233 2903 359 2959 tioantur
373 2899 534 2972 simplices,
551 2899 611 2972 qui,
627 2897 753 2956 scientes
768 2899 919 2958 Christum
942 2905 1057 2959 tantam
1113 2902 1257 2960 consolari
1273 2919 1436 2976 superous,
1452 2901 1503 2975 qui
1519 2906 1672 2970 nauseat,
1690 2901 1760 2975 quia
1774 2901 1853 2958 illam
1870 2919 1938 2959 con·

233 2997 261 3048 ει
276 2991 354 3048 hunc
370 2989 552 3057 crucifixum,
562 2988 658 3062 magis
674 2988 785 3062 eligunt
799 2991 883 3059 mori,
893 3008 983 3065 quam
994 2993 1058 3065 ojus
1113 2991 1286 3050 solutionem
1302 3008 1360 3048 non
1376 2989 1439 3048 vult
1453 2989 1590 3064 recipere,
1603 2991 1752 3048 utiterum
1768 2991 1887 3048 redeant
1901 2992 1939 3048 ad

233 3082 322 3138 tidem
333 3095 448 3154 aegere.
457 3077 538 3145 Quod
549 3081 647 3135 autam
659 3077 823 3135 nouaclum
835 3080 865 3135 in
877 3079 1057 3151 Bethlehem,
1113 3082 1274 3138 certamine
1289 3079 1387 3138 seculi
1403 3078 1572 3154 pugnaturi,
1582 3077 1633 3153 qui
1648 3082 1771 3153 regnant
1780 3096 1847 3136 cum
1859 3079 1940 3136 Chri-

232 3169 284 3226 sed
299 3167 387 3224 etiam
398 3166 428 3223 in
439 3166 577 3224 omnihus
588 3165 697 3222 finibus
708 3167 772 3239 ejus
784 3167 865 3240 pueri
877 3168 965 3225 occisi
977 3173 1056 3237 sunt,
1114 3175 1158 3226 sto
1174 3187 1226 3244 per
1241 3169 1416 3243 martyrium
1428 3169 1568 3226 coronati.

233 3257 429 3331 significatum
454 3259 507 3328 est,
525 3254 595 3328 quia
618 3272 675 3311 non
696 3253 792 3312 solum
807 3255 837 3311 io
852 3257 963 3324 ludaea,
981 3238 1094 3314 uuch
1150 3281 1165 3309 ιι
1182 3258 1322 3314 Defuncto
1338 3262 1436 3314 autem
1451 3257 1573 3314 Herode.
1592 3279 1606 3307 a
1623 3256 1714 3330 Igitur
1735 3257 1872 3327 Herodes,
1889 3258 1943 3332 qui

231 3343 511 3416 Ecclesiaoriginem
521 3346 698 3416 sumpserat,
708 3343 1057 3416 persecutioeratlutura,
1113 3351 1262 3404 tantorum
1286 3347 1430 3406 scelerum
1445 3364 1477 3404 se
1492 3349 1600 3404 lecerat
1614 3350 1775 3416 auctorem,
1792 3351 1824 3402 ut
1837 3363 1890 3403 nec
1903 3347 1943 3402 ab

233 3433 282 3489 sed
299 3433 389 3488 etiam
406 3447 499 3503 usque
514 3430 551 3486 ad
567 3431 639 3487 tinas
654 3435 748 3487 torre.
765 3431 800 3486 Bt
822 3433 900 3504 quod
916 3433 1059 3493 Dominus
1115 3437 1207 3511 ipsius
1223 3435 1339 3493 Domini
1361 3436 1564 3510 persecutione
1588 3451 1708 3492 manum
1734 3435 1862 3492 traheret
1881 3451 1944 3492 non

232 3523 350 3594 propter
365 3519 596 3593 persecutionem
620 3519 741 3576 Herodis
756 3519 786 3575 in
801 3521 956 3595 AEgyptum
972 3523 1058 3598 sugit,
1084 3589 1086 3594 ,
1112 3529 1226 3600 ροιειει
1240 3542 1391 3583 remanere
1419 3524 1542 3583 inultus.
1558 3523 1632 3590 Ouia
1646 3523 1724 3580 enim
1741 3521 1948 3580 fraudulenter

232 3609 380 3683 significat
395 3607 502 3665 electos
518 3613 636 3682 propter
647 3611 879 3681 persecutionem
891 3627 1057 3684 pravorum,
1114 3631 1235 3688 regnum
1249 3615 1418 3672 Judaeorum
1430 3615 1545 3689 primus
1555 3631 1589 3670 ex
1599 3613 1736 3689 gentibus
1747 3613 1871 3686 adeptus
1882 3613 1948 3670 tae·

233 3698 388 3773 aliquoties
403 3715 420 3752 a
434 3697 561 3770 propriis
576 3697 695 3754 sedibus
706 3715 769 3754 esse
780 3699 1057 3772 lugendosexsilio·
1113 3706 1234 3773 rnt‚non
1249 3703 1345 3762 solum
1359 3704 1470 3762 Judaeis
1485 3703 1579 3761 multa
1594 3701 1672 3760 mala
1687 3693 1948 3768 intulerat,verum

232 3803 290 3860 que
305 3786 575 3861 relegandos.Quod
589 3802 655 3842 vero
669 3787 805 3844 defuncto
820 3787 941 3860 Herode,
951 3791 1058 3849 iterum
1114 3792 1201 3850 ctiam
1217 3793 1247 3850 in
1263 3793 1332 3850 filiis
1348 3793 1474 3866 propriis
1484 3791 1628 3867 patricida
1637 3789 1840 3848 exstiteratllt
1851 3807 1950 3864 super

233 3876 335 3949 angelo
351 3879 497 3942 monente,
512 3875 548 3932 ud
563 3881 671 3932 terram
692 3876 780 3934 Israel
797 3895 930 3936 reversus
945 3883 999 3952 est,
1016 3880 1058 3938 si·
1113 3883 1212 3939 omnia
1227 3881 1385 3956 malaque
1395 3881 1515 3956 longum
1527 3885 1834 3940 estonumerare.oum
1845 3877 1950 3936 Salva·

232 3963 380 4041 gnificavit
394 3965 512 4022 eosdem
528 3964 636 4022 eleetos
651 3970 716 4038 post
729 3983 928 4040 compressam
943 3967 1057 4027 hereti·
1113 3975 1207 4028 torem
1224 3970 1326 4027 muudi
1338 3973 1440 4027 natum
1456 3970 1596 4038 audisset,
1604 3966 1679 4026 tellis
1689 3966 1797 4022 invidia
1809 3981 1950 4024 commo-

172 4125 175 4128 ,
232 4054 1056 4128 corumsalsitatem,adpropriassedecessereversuros:
1113 4064 1171 4130 tus,
1187 4064 1220 4116 ut
1235 4075 1326 4116 unum
1341 4061 1462 4134 perdere
1477 4062 1586 4133 posset,
1599 4073 1685 4130 quem
1703 4055 1739 4112 ad
1756 4056 1951 4128 regnandum

231 4145 308 4220 quod
324 4145 360 4200 de
384 4142 492 4200 Hilario
517 4142 700 4212 Pictaviensi,
717 4148 746 4201 et
759 4145 920 4204 Athanasio
935 4148 1056 4207 Alexan·
1113 4149 1247 4206 audierat
1261 4153 1375 4218 natum,
1392 4164 1495 4205 omnes
1511 4163 1617 4220 pueros
1631 4146 1660 4200 in
1675 4143 1858 4211 Bethlehem,
1868 4148 1900 4202 et
1917 4143 1951 4200 in

231 4234 326 4303 drino,
343 4238 372 4291 et
387 4232 521 4308 pluribus
536 4232 601 4290 aliis
617 4232 752 4307 legimus.
1113 4238 1251 4294 omnihus
1263 4237 1371 4294 tinibus
1381 4237 1445 4310 ejus
1458 4235 1621 4292 interficere
1627 4233 1729 4306 jussit.
1736 4232 1892 4305 Tantaque
1903 4249 1955 4287 ra-

266 4347 280 4376 «
297 4325 380 4381 'lunc
395 4321 589 4395 adimpletum
604 4327 658 4402 εει,
668 4323 746 4396 quod
763 4323 874 4381 dictum
890 4329 934 4382 est
948 4343 999 4399 per
1013 4325 1057 4383 Je·
1113 4325 1176 4383 hies
1186 4326 1250 4399 ejus
1261 4325 1393 4383 animum
1405 4326 1642 4395 succenderat,ut
1652 4339 1703 4380 neo
1714 4323 1834 4394 propter
1844 4319 1956 4378 multi-

212 4437 246 4492 .“
263 4411 385 4470 remiam
401 4412 574 4486 prophetam
591 4412 736 4468 dicentem
754 4429 760 4468 :
776 4413 838 4470 Vox
854 4415 882 4470 in
900 4415 991 4470 Rama
1006 4431 1057 4471 aa·
1112 4415 1245 4472 tudinem
1261 4414 1645 4488 morientium,necpropter
1659 4409 1850 4485 parvulorum
1863 4409 1960 4466 inno-

232 4502 325 4556 «dita
348 4504 402 4570 est,
423 4501 555 4574 ploratus
578 4504 607 4558 et
636 4500 767 4558 ululatus
796 4502 1058 4560 multus1Rachel
1113 4501 1577 4570 centiam,suasevitiaoessaret.
1594 4501 1715 4574 Propter
1739 4499 1818 4571 quod
1845 4497 1959 4554 divina

231 4615 246 4642 ιι
263 4589 381 4664 plorans
397 4589 473 4648 filios
487 4607 558 4648 suos
571 4610 577 4659 ;
591 4594 620 4647 et
635 4588 729 4646 noluit
743 4591 900 4659 consolari,
912 4591 982 4665 quia
997 4610 1056 4649 nou
1073 4611 1097 4676 D
1112 4591 1221 4649 ultione
1234 4588 1653 4665 percussus,immedicabilem
1663 4585 1960 4661 passuscstaegritu·

231 4703 245 4730 ιι
256 4683 335 4744 sunt.
346 4679 500 4737 »Nostram
509 4678 689 4754 superiorem
697 4679 895 4736 narrationem
902 4681 1057 4738 Mattheus
1113 4680 1294 4738 dinemBrat
1304 4679 1383 4738 euim
1394 4679 1494 4754 lebris,
1502 4677 1644 4737 acerrima
1652 4675 1824 4749 suspiria,et
1834 4674 1962 4732 anheli-

231 4767 1057 4843 evangelistaconfirmat,cumsuissermonibusoracula
1112 4762 1962 4844 tusassidui‚spasmusquoquctotiuscorporis,itautvix

230 4857 318 4915 intert
341 4857 561 4932 prophetarum.
585 4858 667 4924 Quod
691 4861 789 4914 autem
814 4858 877 4914 ait:
901 4881 916 4910 ιι
941 4858 1002 4915 Vox
1026 4858 1056 4916 in
1112 4858 1254 4932 respirare
1270 4861 1379 4932 posset.
1395 4857 1538 4932 ilydropis
1553 4855 1675 4914 morbus
1690 4854 1964 4930 corpusattenua·

232 4944 323 5002 Rama
339 4947 441 5004 audita
455 4952 508 5016 est,
523 4975 533 5000 ι
552 4964 610 5004 non
625 4946 673 5002 hio
687 4946 780 5003 Rama
795 4962 900 5003 nemen
918 4947 1001 5004 urhis
1012 4948 1056 5004 vel
1111 4952 1201 5016 verat,
1214 4948 1254 5005 ita
1269 4951 1303 5004 ut
1316 4945 1438 5022 vestigia
1451 4945 1602 5003 inflatione
1616 4941 1723 5018 pedum
1736 4943 1963 5016 gravarentur,

230 5033 336 5101 loci‚ut
352 5035 470 5108 quidam
486 5040 600 5108 putant,
610 5035 784 5110 simpliciter
794 5037 947 5106 sonat‚sod
959 5037 1056 5110 potius
1111 5036 1251 5093 interiora
1266 5051 1383 5109 quoque
1397 5035 1509 5092 viscera
1523 5038 1604 5091 tanta
1618 5032 1719 5089 doloro
1729 5028 1914 5097 urebantur,
1924 5033 1964 5084 ut

229 5124 259 5180 in
275 5122 421 5180 excelsum
437 5123 593 5198 significat.
609 5126 690 5192 Quod
706 5131 751 5182 est
766 5125 844 5182 enim
860 5123 954 5182 dicere
971 5142 978 5182 :
996 5127 1056 5184 Vox
1110 5143 1163 5199 per
1185 5130 1330 5184 secretum
1352 5129 1463 5182 naturas
1486 5124 1618 5199 digerere
1640 5121 1796 5178 videratur.
1819 5116 1964 5192 Prurigo

230 5213 261 5269 in
278 5213 370 5268 Rama
384 5211 485 5268 audita
499 5217 554 5279 est,
569 5214 646 5270 idem
666 5219 711 5270 est
724 5213 827 5282 dicere,
844 5215 1055 5287 persecutionis
1110 5231 1227 5288 quoque
1241 5213 1331 5270 totius
1345 5212 1477 5287 corporis
1490 5213 1521 5268 in
1532 5216 1648 5270 tautum
1660 5203 1861 5266 intolerabilis
1874 5209 1965 5277 erat,

231 5300 358 5376 procella
371 5297 457 5375 longe
472 5301 589 5374 lateque
603 5303 709 5360 dillusa
721 5308 774 5360 ost.
792 5303 936 5369 Quaeritur
954 5305 990 5361 ad
1008 5304 1055 5362 lit·
1111 5308 1144 5360 ut
1160 5303 1249 5359 etiam
1261 5301 1386 5358 verenda
1401 5301 1520 5374 putrida
1529 5299 1677 5358 vermibus
1688 5293 1968 5354 scaturirent.lne·

230 5387 487 5463 teram,quomodo
504 5389 610 5446 Rachel
622 5389 697 5447 tilios
713 5409 783 5448 suos
795 5390 925 5465 plorasse
935 5393 1053 5466 dieitur,
1109 5395 1156 5448 rat
1168 5390 1257 5448 otiam
1273 5394 1301 5446 et
1315 5389 1462 5448 anhelitus
1477 5389 1633 5458 fetidus,in
1644 5389 1761 5444 matum
1774 5387 1809 5439 ut
1823 5381 1880 5438 vix
1895 5398 1970 5438 me-

231 5475 298 5538 cum
314 5479 494 5547 Bethlehem,
511 5481 540 5535 in
557 5497 615 5553 qua
636 5480 718 5551 pueri
744 5480 830 5536 occisi
853 5485 933 5551 sunt,
949 5500 1007 5539 non
1022 5485 1055 5540 in
1110 5481 1242 5537 dicorum
1258 5477 1365 5551 aliquis
1380 5495 1432 5552 pro
1448 5477 1622 5536 adhibendis
1637 5469 1903 5532 medicaminibus
1922 5470 1970 5528 ad

229 5569 308 5628 tribu
320 5569 541 5642 Renjamin,qui
552 5570 586 5626 de
598 5566 705 5626 Rachel
716 5574 798 5625 ortus
809 5571 965 5637 est,sedin
976 5573 1053 5630 trihu
1094 5585 1176 5626 *eum
1193 5567 1327 5624 accedere
1348 5571 1457 5641 posset.
1473 5567 1604 5640 Denique
1628 5560 1786 5622 nonnullos
1812 5559 1971 5616 medico·

228 5660 306 5726 tuda
320 5659 417 5733 tuerit,
434 5658 484 5737 qui
499 5660 535 5719 dc
560 5659 611 5718 lia
635 5673 732 5716 sorore
747 5658 811 5734 ejus
828 5664 912 5717 natus
928 5661 995 5720 cst?
1011 5662 1053 5720 Ad
1110 5671 1174 5717 rum
1187 5655 1217 5714 in
1228 5655 1291 5734 ipsa
1301 5656 1473 5734 egritudine
1484 5655 1599 5733 positus
1609 5649 1868 5712 dieituroccidcre
1883 5666 1974 5726 prae·
