3930 6172
133 305 141 314 ·
204 326 267 418 'att
488 351 689 417 natatoriis
713 353 982 415 tlatsssustnt.
1005 351 1127 414 celso.
1152 353 1239 416 Dl‘P.
1262 357 1362 418 rans
1386 357 1424 419 ll.
1440 391 1476 403 -
1494 357 1622 421 ttotttl.
1821 365 1867 426 lte

203 491 364 547 aedtamen
376 487 426 545 titii
436 486 637 560 erantejus,in
647 491 790 560 quantum
800 485 1031 550 malierantmen
1046 485 1072 552 Α
1088 489 1222 542 sanctum
1238 489 1401 560 etjustum,
1417 489 1596 546 innocentem
1608 495 1715 548 tantum
1725 491 1869 553 atramini·

203 579 235 636 in
246 583 388 652 quantum
401 577 535 636 homines
546 581 643 634 erant:
654 577 682 632 in
693 581 835 650 quantum
845 575 965 648 imitati,
976 593 1034 632 non
1087 575 1142 630 tari
1155 592 1212 630 non
1223 593 1393 649 possumus.
1403 583 1491 634 tleum
1500 579 1629 636 dieamus
1638 579 1741 637 Patrem
1750 589 1870 652 nostrum,

203 669 240 726 'in
256 667 400 743 quahtum
414 668 512 724 creati.
1087 663 1240 720 videamus
1255 665 1323 738 quid
1341 665 1424 723 nobis
1435 667 1566 724 dicturus
1581 672 1632 724 est.
1644 669 1770 743 Nunquid
1781 671 1872 731 lalsites

246 783 260 810 ιι
276 759 500 832 Responderunt
525 760 553 814 ct
581 757 717 814 dixerunt
743 755 795 812 ei:
826 755 911 812 Pater
937 757 1036 810 noster
1088 753 1199 809 invonit
1213 755 1873 830 quoddiceretthadiemnsquiddieantandia·

212 871 226 900 ιι
241 848 387 905 Abraham
404 851 459 904 est.
474 869 488 896 ιι
504 845 592 914 Quasi
602 845 712 920 aliquid
727 846 861 902 dicturus
871 849 949 902 esset
965 861 1037 899 con·
1088 857 1157 898 mus
1167 842 1235 914 qnid
1249 844 1380 900 audiant.
1392 868 1406 894 ιι
1424 845 1517 901 Unum
1530 845 1685 920 (inquiunt)
1695 848 1795 906 Patrem
1805 850 1875 908 bala·

198 941 256 994 'tra
266 937 421 1004 ttbraham,
433 940 482 992 aut
498 935 581 1008 qnasi
593 936 621 990 in
633 935 732 1008 aliquo
745 935 864 990 auderet
880 934 1035 1007 reprehan·
1089 947 1157 987 mara
1172 931 1274 988 Deurn.
1290 955 1303 984 ιι

210 1027 278 1084 dere
287 1027 444 1082 Abraham,
467 1024 609 1096 Nonquia
622 1023 761 1080 Dominus
777 1040 835 1079 non
850 1023 977 1080 audebat
990 1039 1035 1078 re·
1125 1043 1139 1069 ιι
1160 1021 1235 1076 Dixit
1249 1039 1317 1094 ergo
1341 1024 1445 1082 lesus:
1472 1023 1502 1080 Si
1517 1024 1593 1081 Dens
1613 1025 1693 1081 Pater
1703 1031 1790 1084 uester
1808 1035 1876 1094 essct,

210 1113 388 1189 prehendere
402 1114 559 1180 Abraham,
573 1114 624 1169 sed
647 1113 717 1184 quia
729 1113 874 1169 Abraham
892 1111 959 1169 talis
973 1115 1036 1167 erat
1093 1134 1103 1161 ι
1120 1109 1281 1182 diligeretis
1292 1129 1339 1168 rna
1349 1113 1608 1186 utiqaeDgoanim
1620 1131 1653 1170 ex
1667 1115 1721 1172 Deo
1736 1118 1843 1188 processi
1856 1123 1878 1174 et

210 1204 259 1278 qui
274 1221 333 1260 non
343 1203 630 1276 reprehenderetura
644 1201 778 1270 Domino,
795 1202 846 1258 sed
861 1201 957 1274 potius
972 1200 1036 1257 laa-
1090 1222 1104 1249 ιι
1121 1199 1195 1255 veni.
1213 1199 1312 1274 Neque
1328 1202 1405 1258 caim
1423 1219 1439 1258 a
1453 1200 1564 1275 meipso
1579 1204 1654 1270 veni,
1669 1205 1716 1259 sed
1732 1203 1774 1259 ille
1787 1221 1826 1261 mc
1838 1208 1877 1262 mi·

210 1293 338 1350 daretur.
360 1293 467 1348 Tamen
484 1292 532 1350 isti
548 1292 724 1348 uidebantur
738 1308 805 1347 eum
822 1305 987 1364 provocare,
1004 1295 1038 1351 ut
1090 1311 1104 1338 ιι
1119 1289 1167 1345 sit.
1182 1311 1193 1337 ι
1211 1288 1313 1345 Dicitis
1327 1290 1420 1347 Deum
1437 1290 1561 1357 Patrem,
1574 1293 1717 1367 agnoscite
1730 1293 1770 1348 vel
1782 1295 1877 1350 tratrem

209 1381 319 1454 aliquid
340 1381 410 1437 mali
431 1381 539 1438 diceret
555 1382 590 1437 de
605 1380 763 1446 Abraham,
787 1383 815 1436 et
830 1385 908 1436 esset
922 1369 1036 1436 occasio
1089 1383 1229 1434 vestram.
1242 1377 1294 1434 llic
1304 1379 1399 1453 tetigit
1410 1381 1487 1452 qnod
1500 1381 1607 1454 saepiue
1617 1380 1689 1438 solet
1698 1382 1798 1439 dicare:
1810 1405 1821 1433 ιι
1830 1385 1878 1439 lton

204 1469 333 1528 lactendi
348 1471 425 1543 quod
448 1470 626 1544 cogitabant.
647 1491 661 1520 ιι
679 1469 763 1525 Pater
778 1472 877 1526 noster
889 1467 1036 1526 Abrabam
1090 1467 1234 1540 ameipso
1248 1468 1323 1538 veni,
1347 1469 1397 1524 sod
1413 1468 1461 1524 illc
1477 1487 1523 1526 me
1538 1470 1629 1534 misit.
1648 1485 1699 1544 ego
1722 1473 1791 1528 enim
1811 1479 1879 1528 attae

198 1563 263 1618 est.
278 1584 291 1610 ιι
307 1560 469 1618 Audiamus
485 1558 632 1633 quomodo
647 1559 689 1615 eis
704 1559 861 1630 respondet
883 1556 1035 1627 Dominus,
1090 1554 1219 1628 processi
1235 1560 1263 1612 ot
1277 1557 1352 1613 reni.
1366 1579 1373 1606 ι
1392 1557 1497 1613 Christi
1510 1575 1579 1632 ergo
1590 1559 1689 1616 missio
1699 1560 1839 1617 incarnatio
1847 1567 1880 1617 est

210 1665 277 1706 cum
294 1648 410 1706 illorum
426 1648 614 1705 damnatione
625 1646 754 1703 laridavit
767 1648 935 1704 Abraham:
1090 1645 1164 1715 ejus.
1190 1643 1270 1711 Quod
1296 1662 1362 1700 roro
1383 1646 1419 1702 de
1441 1647 1499 1702 Deo
1515 1645 1598 1704 Patre
1622 1650 1758 1722 processit
1769 1650 1880 1720 Verbum,

247 1761 260 1789 ιι
276 1739 353 1796 Dicit
369 1739 411 1794 eis
435 1738 542 1794 lesus:
568 1735 598 1792 Si
626 1736 677 1792 filii
702 1736 919 1805 Abrahaeastis,
949 1751 1038 1809 opera
1091 1733 1880 1811 ateraaprocessioest,nonhabenstempus,perquern

212 1849 226 1878 ιι
243 1827 364 1882 Abrahae
376 1827 470 1882 facito.
478 1826 664 1882 Nuneautem
673 1825 803 1898 quaelitis
811 1825 1035 1894 meinterficeoe,
1049 1857 1075 1924 Β
1092 1821 1200 1876 iactum
1217 1827 1262 1876 cst
1272 1826 1330 1877 tom
1336 1839 1400 1895 pue.
1412 1823 1484 1897 Ergo
1495 1823 1531 1880 ab
1542 1823 1594 1882 illo
1609 1827 1782 1898 processum
1791 1829 1851 1884 Deus
1860 1833 1882 1882 el

211 1940 226 1966 ιι
244 1911 405 1983 hominem,
417 1914 466 1986 qui
477 1915 629 1970 veritatem
641 1913 757 1970 loeutus
768 1931 833 1970 sum
843 1915 935 1981 vobis,
947 1931 1037 1986 quarn
1091 1909 1223 1982 aequalis,
1235 1915 1265 1965 ut
1275 1910 1365 1968 Filius
1374 1912 1489 1979 unicus,
1500 1919 1532 1968 nt
1539 1915 1668 1972 Verbum
1678 1915 1879 1972 Patrisllenitad

212 2027 226 2056 ιι
243 2002 340 2059 audivi
357 2020 374 2058 a
389 2007 461 2071 Deo;
488 2003 542 2060 boc
567 2003 715 2060 abranam
741 2022 798 2060 non
823 2003 899 2060 lecit.
916 2025 930 2054 ιι
953 2005 1036 2072 Eece,
1092 2015 1155 2065 nos,
1175 2001 1269 2070 aquia
1284 2000 1411 2056 Verbum
1424 2003 1611 2060 carotactum
1623 2009 1677 2071 est,
1689 2005 1881 2062 athabitaratin

211 2091 261 2148 ille
276 2090 423 2158 laudatas,
436 2091 485 2148 isti
500 2080 640 2149 d'amnati.
664 2093 736 2150 Nam
751 2093 780 2149 hi
797 2093 966 2167 querebant
981 2098 1037 2150 De·
1091 2087 1177 2145 nobis
1193 2089 1279 2160 (Iona.
1298 2089 1326 2162 r).
1345 2114 1359 2142 ιι
1385 2092 1532 2150 Adventus
1558 2095 1623 2166 ejus
1642 2091 1798 2152 humanitas
1818 2095 1882 2167 aium

211 2182 324 2237 minum
340 2180 511 2249 interlicere,
524 2182 670 2238 Abraham
687 2187 852 2239 autemnon
868 2186 930 2239 erat
943 2181 1037 2238 homi·
1092 2177 1206 2236 mansio
1221 2179 1295 2250 ejus,
1313 2179 1449 2237 divinitas
1465 2183 1539 2254 rJ'us.

212 2269 286 2326 cide.
299 2270 360 2326 Non
383 2269 457 2336 dico,
473 2269 579 2342 inquit,
596 2287 649 2344 ege
665 2287 730 2344 sum
747 2271 889 2328 Dominus
904 2271 1036 2339 abraha,
1128 2289 1142 2316 ιι
1160 2267 1254 2333 Quare
1264 2266 1381 2340 linquit)
1393 2268 1537 2343 loquelam
1551 2289 1647 2330 meam
1658 2290 1714 2330 non
1725 2271 1885 2347 cognoscitisi

211 2359 288 2432 quod
305 2361 333 2414 et
348 2359 372 2414 gi
389 2357 527 2426 dicerem,
542 2375 643 2414 verum
659 2358 784 2415 dicerem
810 2351 889 2430 (nani
912 2359 983 2415 digit
1007 2359 1037 2414 in
1095 2355 1262 2427 «quianon
1279 2359 1403 2429 potestis
1416 2375 1594 2432 cogDDSCDl'D
1605 2377 1763 2418 sermonem
1776 2377 1885 2417 metitum

211 2446 269 2503 alio
283 2447 346 2504 1000
359 2465 366 2502 ε
381 2470 395 2496 ιι
411 2448 574 2519 Antequam
591 2447 736 2504 Abrabam
754 2449 844 2518 tieret,
860 2465 913 2520 ego
928 2467 1005 2514 sarm,
1022 2470 1036 2498 ιι
1093 2443 1160 2500 ldae
1170 2461 1228 2500 non
1238 2449 1373 2518 poterant
1383 2464 1568 2522 cognoscere,
1581 2450 1652 2522 quia
1662 2467 1718 2508 non
1728 2454 1889 2524 poterantne·

212 2547 279 2593 cum
296 2534 379 2591 illurn
390 2534 519 2608 lapidare
539 2536 677 2606 vellent);
694 2538 743 2592 sed
760 2537 824 2592 dico
839 2537 894 2592 hoo
909 2537 1037 2604 interim,
1092 2532 1164 2602 dire,
1179 2533 1228 2590 sed
1242 2535 1319 2590 rande
1329 2536 1430 2592 audire
1440 2553 1497 2593 non
1510 2543 1657 2610 poterant,
1669 2539 1722 2596 nisi
1734 2538 1888 2614 qniaccrrigi

211 2625 289 2699 qaod
304 2624 417 2692 videtis,
430 2625 508 2691 quod
520 2625 660 2698 aspicitis.
670 2625 746 2698 qnod
759 2625 907 2683 mesalum
918 2625 1038 2699 putatis,
1093 2623 1237 2680 credendo
1253 2623 1414 2681 nolebant?
1427 2627 1461 2682 ut
1472 2627 1528 2684 hoo
1544 2627 1632 2686 inde:

203 2713 324 2771 'scilicet
338 2714 415 2786 quod
435 2712 523 2770 homo
542 2731 619 2770 sum.
636 2713 790 2771 Hominem
810 2732 878 2788 ergo
893 2715 1039 2771 dicentem
1129 2735 1143 2761 ιι
1159 2712 1217 2768 Vos
1233 2730 1267 2768 ex
1283 2719 1364 2786 patre
1389 2715 1506 2771 diabolo
1521 2717 1606 2774 estis.
1618 2740 1633 2770 ιι
1660 2719 1784 2786 Ouandlu
1800 2721 1890 2791 patrem

210 2802 293 2860 vobis
304 2804 382 2876 quod
393 2802 532 2858 audirita
548 2807 614 2871 Deo,
633 2819 722 2876 qnare
732 2803 820 2860 maltis
836 2821 882 2860 me
897 2803 1037 2872 occidere,
1093 2801 1474 2875 commemoratisquandiu
1484 2811 1598 2877 patrem
1607 2807 1892 2873 mutatismodottbra·

214 2890 269 2948 nisi
286 2892 421 2964 quianon
434 2890 505 2947 estis
520 2890 571 2947 filii
587 2890 733 2948 Abrahae?
748 2893 782 2946 Dt
794 2893 891 2948 tamen
903 2892 1039 2964 superius
1092 2887 1173 2958 ham,
1204 2891 1289 2964 quo
1313 2890 1416 2962 Deum,
1440 2895 1539 2950 audite
1554 2913 1571 2950 a
1590 2896 1662 2953 Filio
1685 2897 1741 2963 Dei,
1757 2898 1831 2969 cajus
1850 2894 1890 2950 ilii

212 2979 268 3037 ait:
289 3002 300 3032 ι
313 2980 377 3037 Seio
388 2980 456 3052 quia
466 2979 518 3035 filli
535 2979 656 3036 Abrahae
669 2979 751 3048 estis,
764 3001 777 3032 ι
794 2998 850 3036 non
865 2985 1040 3054 negatnuac
1094 2979 1176 3034 estis.
1189 3001 1203 3028 ιι
1221 2981 1239 3034 Α
1255 2983 1336 3052 patre
1352 2980 1468 3039 diaholo
1482 2983 1564 3040 estis.
1579 3007 1593 3034 ιι
1606 2987 1683 3043 Deus
1698 2987 1892 3060 utiqueanaator

211 3085 313 3126 eorum
327 3069 480 3142 originem,
492 3069 542 3124 sed
559 3067 634 3126 taeta
649 3070 833 3126 condemnat.
851 3070 922 3128 Caro
938 3087 1039 3127 eorum
1094 3066 1892 3149 omniurncreaturarnmereavithominem,quomodohie

211 3177 244 3216 ex
261 3157 311 3215 illo
325 3163 396 3224 erat,
410 3159 461 3216 sed
473 3158 531 3215 vita
543 3176 600 3215 non
616 3163 688 3215 erat.
705 3161 779 3234 Drgo
794 3159 952 3218 Christiani
971 3158 1038 3218 sacti
1095 3155 1185 3212 dicit:
1210 3157 1269 3213 Vos
1284 3175 1301 3212 a
1316 3162 1397 3229 patre
1421 3159 1536 3217 diabolo
1551 3165 1635 3222 estis·
1661 3165 1799 3238 Quidquid
1814 3181 1828 3218 t
1846 3161 1892 3218 ⁰¹³⁰

207 3253 386 3306 suntsemon
398 3247 519 3304 Abrahae
528 3248 621 3320 gratia
631 3248 750 3314 Dei,non
763 3249 798 3304 de
809 3266 894 3306 carne
904 3249 1035 3305 abraha.
1051 3227 1074 3295 C
1094 3248 1223 3300 creatum
1236 3251 1290 3312 esi,
1302 3247 1476 3318 bonumesit
1488 3253 1623 3310 θῑθῐΰῦῑὸ
1632 3253 1764 3324 h⁰¹¹¹0ii¹¹
1773 3255 1892 3326 ‘tumtum

207 3337 289 3394 'Facti
308 3337 350 3392 illi
366 3337 540 3402 cohaeredes,
552 3336 630 3392 Deus
644 3335 710 3392 ilios
725 3337 951 3402 exhaereditavit,
968 3337 1040 3394 istos
1094 3339 1227 3390 creatura
1242 3335 1292 3391 Dei
1309 3340 1363 3408 ost,
1377 3337 1471 3394 bonus
1485 3344 1538 3396 cst.
1556 3343 1705 3407 Quantum
1721 3359 1784 3401 rere
1798 3359 1825 3398 se
1838 3341 1894 3398 sub·

213 3425 371 3496 adoptavit.
385 3423 436 3480 leti
452 3429 522 3480 sant
537 3424 692 3495 dequibus
707 3424 737 3480 ia
749 3425 805 3480 alio
821 3423 883 3482 loeo
899 3443 915 3481 a
929 3425 1041 3484 Joanne
1090 3423 1157 3494 jicil
1173 3439 1224 3496 per
1238 3423 1362 3480 liberum
1380 3426 1534 3484 albitrium
1545 3429 1673 3498 diabole
1683 3451 1700 3489 a
1712 3437 1789 3506 pulte
1799 3427 1894 3486 dith⁰¹⁰

215 3512 348 3582 baptista
358 3513 469 3568 dictum
485 3517 547 3567 est:
562 3535 576 3563 ιι
589 3512 693 3568 Potens
704 3517 749 3569 est
763 3518 836 3568 Deras
848 3514 882 3568 de
893 3512 1040 3586 lapidibus
1094 3515 1148 3567 cst.
1165 3513 1244 3568 Dona
1260 3518 1305 3568 est
1318 3514 1396 3570 onim
1412 3515 1541 3574 hominis
1556 3521 1673 3589 notura,
1688 3523 1737 3579 sed
1748 3521 1896 3578 vitiataerat

207 3598 279 3656 'istis
291 3600 433 3656 suscitare
442 3599 644 3656 tiliosdbrahae
657 3603 732 3669 (Luc.
742 3602 794 3672 ιιι).
804 3625 817 3650 ιι
829 3601 1041 3676 llliergocrunt
1093 3615 1145 3672 pet
1161 3601 1268 3657 melem
1280 3601 1470 3673 voluntatem,
1484 3611 1513 3662 et
1525 3606 1592 3665 inde
1601 3617 1690 3667 erata
1701 3617 1780 3685 patre
1789 3607 1894 3668 diabolo.

214 3687 266 3745 tllii
276 3688 409 3756 Abrahae,
423 3689 473 3761 qui
489 3706 577 3763 opera
587 3689 708 3746 Abrahae
718 3689 880 3746 incitantur.
893 3691 958 3748 ldeo
970 3693 1038 3750 snb·
1093 3691 1174 3754 Quod
1191 3690 1258 3746 lecit
1279 3691 1357 3746 Deus
1372 3709 1429 3748 aon
1454 3700 1551 3768 potest
1574 3713 1640 3755 esse
1665 3699 1784 3768 malurn,
1805 3699 1827 3754 ai
1847 3696 1897 3770 ipse

208 3776 468 3858 junxitDuminus,
478 3777 592 3834 dicens:
603 3801 617 3828 ιι
626 3777 656 3834 Si
667 3777 719 3834 filii
729 3779 849 3835 Abrahae
858 3780 939 3849 estis,
952 3799 1040 3855 opera
1093 3777 1181 3835 homo
1197 3795 1252 3834 non
1270 3779 1309 3835 sit
1321 3779 1375 3836 eibi
1387 3783 1445 3855 ipsi
1461 3783 1567 3842 malus.
1581 3786 1731 3864 lade·orgo
1742 3789 1828 3845 tadei
1841 3782 1898 3842 dieti

208 3866 333 3922 'Abrahe
349 3866 445 3923 tacite.
464 3889 477 3916 ιι
502 3867 598 3924 Factis
624 3867 742 3939 probate
766 3868 959 3937 nobilitatem,
981 3889 1038 3927 non
1093 3871 1163 3924 sunt
1174 3867 1225 3922 filit
1241 3866 1359 3935 diaboli,
1376 3887 1433 3928 non
1450 3875 1607 3947 nascendo,
1619 3878 1672 3934 sed
1684 3876 1898 3935 imitandossoa·

212 3954 319 4010 verbis.
332 3976 346 4003 ιι
358 3954 415 4010 Sed
428 3954 558 4027 quaeritis
572 3971 618 4012 me
630 3955 803 4027 interlicere,
814 3957 974 4025 hominem,
988 3960 1038 4032 qai
1092 3956 1217 4012 suetudo
1230 3965 1413 4014 acrosancta
1425 3960 1581 4035 Scripturas
1601 3972 1693 4024 estex
1702 3967 1853 4024 imitatione
1865 3961 1899 4019 rel

211 4043 362 4100 veritatem
384 4042 499 4100 locatus
515 4061 580 4100 sum
596 4045 689 4112 vobis,
713 4062 802 4117 quam
825 4047 922 4104 audivi
938 4065 955 4104 a
971 4054 1036 4116 Deo;
1093 4046 1306 4102 consuetudine
1321 4064 1442 4120 operam
1454 4050 1530 4108 salios
1541 4069 1617 4126 saepe
1633 4057 1794 4124 nominare,
1806 4059 1834 4111 ut
1847 4058 1901 4108 are

210 4130 265 4188 boe
278 4130 428 4188 Abraham
440 4149 498 4189 non
509 4131 585 4188 tecit.
596 4132 654 4191 Vos
673 4132 769 4190 tacitis
785 4151 872 4207 opera
883 4137 975 4209 patris
990 4155 1037 4195 ve·
1092 4133 1180 4205 pheta
1194 4135 1230 4190 ad
1254 4135 1371 4192 ludens
1390 4137 1444 4193 ait:
1472 4162 1485 4190 ιι
1503 4145 1588 4198 Pater
1604 4147 1676 4202 tuas
1693 4144 1868 4203 Amorrhaeos
1879 4143 1901 4196 ot

209 4222 273 4278 stri.
289 4245 304 4273 ιι
321 4223 356 4279 Dt
370 4222 441 4295 quia
455 4221 552 4278 adbuc
567 4239 626 4280 non
641 4221 712 4279 dicit
727 4223 798 4296 quia
819 4223 873 4280 iate
897 4229 942 4282 est
957 4229 1039 4298 pater
1092 4227 1185 4278 mater
1208 4228 1259 4280 tua
1274 4223 1388 4282 Cathena
1400 4229 1504 4298 (Erech.
1521 4235 1609 4300 aare).
1625 4252 1639 4284 ιι
1663 4234 1820 4292 Amorrhaei
1841 4245 1900 4305 gens

208 4309 593 4380 illorum,videamusmodo
604 4311 646 4368 illi
660 4311 731 4384 quid
742 4314 965 4386 responderunt.
980 4315 1037 4371 Coa·
1091 4314 1153 4367 erat
1167 4312 1300 4384 quaedam
1317 4314 1394 4370 urrde
1409 4316 1552 4392 originem
1566 4321 1662 4378 tadaei
1677 4340 1735 4381 noa
1762 4321 1899 4380 ducebant.

206 4407 314 4471 parunt
329 4401 405 4456 enim
433 4405 583 4471 utcunque
609 4417 795 4472 cognoscere,
818 4419 875 4456 non
892 4403 1037 4460 decernis
1090 4399 1196 4455 Cetlraei
1212 4407 1240 4456 et
1253 4401 1308 4472 ipsi
1322 4408 1439 4475 garriam
1451 4423 1535 4463 suam
1547 4408 1708 4480 habebant,
1722 4407 1900 4469 omninoalio-

208 4487 1035 4560 geaerationcDominumloqni‚sedderitainstitutione.
1091 4503 1190 4543 name
1218 4504 1323 4561 genere
1349 4491 1529 4552 ludaeorum.
1560 4497 1616 4553 Sed
1638 4500 1710 4573 quia
1733 4507 1813 4560 erant
1833 4495 1901 4568 impii

206 4573 243 4630 bt
267 4575 336 4647 quia
350 4577 530 4634 consuetudo
550 4575 767 4647 Scripturarcun
783 4581 827 4632 est
841 4578 940 4649 (quam
958 4578 1035 4651 lege·
1051 4599 1074 4663 D
1090 4575 1247 4631 Anaua-rheni
1260 4578 1512 4646 etCethai,.ludei
1524 4591 1623 4642 autem
1635 4587 1744 4646 imitati
1754 4588 1902 4662 impietates

205 4661 290 4732 bant)
301 4663 519 4719 fornicationem
531 4662 723 4738 spiritualiter
733 4662 889 4736 appellare,
900 4681 967 4721 cum
977 4667 1032 4724 diis
1089 4679 1200 4733 eorum,
1218 4664 1388 4724 invenerant
1398 4669 1450 4726 filii
1466 4679 1614 4747 parentes,
1627 4694 1686 4734 non
1702 4679 1739 4736 de
1752 4679 1854 4752 quibus
1863 4692 1904 4730 aa·

206 4750 296 4806 mutis
307 4768 340 4806 ac
350 4751 687 4824 talsisaninaatanquam
699 4750 856 4822 prostituta
866 4753 1030 4824 subjicitur,
1086 4758 1247 4818 sacrentur,
1260 4755 1308 4808 sed
1325 4771 1450 4828 quorum
1461 4777 1558 4820 mores
1569 4769 1710 4824 sectando
1723 4768 1830 4842 pariter
1838 4767 1905 4821 dam·

205 4837 241 4892 ad
258 4838 313 4894 hoc
330 4839 532 4910 respondetur,
550 4840 744 4910 dixeruntque
758 4839 784 4894 ei
796 4854 803 4893 :
1087 4844 1235 4896 narentur.
1247 4841 1394 4906 Quaeritur
1406 4851 1503 4904 autem
1517 4850 1805 4930 sortasse,undeipsc
1817 4853 1904 4912 diabo·

242 4947 255 4974 ιι
272 4926 330 4980 Nos
347 4943 381 4982 ex
396 4927 587 4983 fornicatione
598 4944 656 4982 non
673 4927 860 4989 summouit,
874 4944 967 4984 unum
981 4948 1031 5003 pa·
1085 4928 1133 4985 lue
1143 4933 1196 4985 eet.
1208 4929 1396 5004 ladeutiquo,
1407 4937 1626 4998 undeetceteri
1638 4945 1813 5018 angelised
1823 4939 1903 5000 ceteri

206 5032 220 5059 ιι
239 5014 313 5066 trem
328 5010 472 5069 babemus
488 5015 590 5070 Deum.
605 5037 619 5064 ιι
635 5015 708 5070 Cum
724 5014 810 5070 toties
823 5016 982 5088 gloriantes
997 5019 1032 5076 de
1086 5017 1115 5072 in
1135 5033 1190 5072 sua
1212 5018 1377 5078 obediontia
1396 5025 1598 5099 perstiterunt,
1615 5031 1665 5089 ille
1679 5033 1868 5092 inobediendo
1880 5033 1904 5087 cl

206 5095 352 5152 Abraham
368 5099 478 5170 repulsi
507 5105 587 5168 sunt,
614 5119 690 5157 nurrc
708 5101 858 5159 videamus
886 5107 1032 5175 quomodo
1086 5105 1901 5190 superbiendolapsusestangelus,etlaotusestdiabolos.

205 5183 304 5256 repelli
323 5183 480 5239 noluerunt
493 5203 542 5242 ore
564 5189 700 5245 veridico.
716 5191 790 5253 Quia
804 5207 870 5246 curn
888 5199 949 5246 orat
964 5193 1031 5250 telle
1083 5193 1137 5248 Sed
1151 5194 1237 5250 modo
1253 5195 1367 5253 audiret
1383 5201 1453 5272 quid
1473 5204 1551 5261 dicat
1566 5207 1729 5268 Dominus:
1757 5235 1770 5263 ιι
1787 5211 1842 5267 Vos
1856 5209 1902 5278 (in-

203 5271 575 5343 abahameuJustaccum
587 5293 643 5332 non
654 5277 854 5345 imitabantur,
864 5282 893 5336 et
903 5279 939 5334 de
949 5278 1029 5337 illius
1084 5281 1159 5353 quit)
1175 5298 1191 5336 a
1207 5287 1288 5353 patre
1304 5283 1419 5345 diabolo
1432 5291 1513 5362 estis,
1529 5299 1557 5350 et
1567 5295 1715 5356 desideria
1725 5299 1817 5373 patris
1827 5293 1903 5355 vestri

204 5365 302 5420 tamon
319 5375 424 5434 genere
439 5357 648 5431 gloriabantur,
666 5369 852 5421 mactaverunt
865 5368 1030 5439 responsio·
1082 5369 1176 5424 tacere
1190 5368 1287 5428 vultis.
1304 5375 1439 5439 Queritis
1450 5397 1496 5437 me
1518 5383 1659 5457 occidere,
1676 5387 1837 5455 hominem,
1861 5396 1903 5458 qai

202 5451 283 5514 'nem¹
300 5450 385 5507 rredo
402 5447 532 5502 dicentes
548 5449 624 5518 apud
641 5449 770 5520 seipsos:
794 5454 1028 5528 Quotiescunque
1080 5457 1231 5513 acritatem
1248 5461 1413 5532 sobisdico‚
1428 5490 1441 5517 ιι
1453 5473 1481 5526 et
1492 5470 1540 5528 ille
1552 5471 1776 5536 fnvfffflthomjnq
1802 5483 1829 5535 et
1839 5476 1904 5534 0001.

203 5533 1027 5608 nonnnaverimusnbrabam,dicturusestnobis:Quare
1082 5525 1904 5626 dithominem.Diabolusautemcumiaviderethomiair

205 5623 1025 5695 aonimitaminieum‚decujusgcneregloriaminitNos
1081 5635 1244 5704 serpentem
1258 5633 1904 5726 indutus,locutusestmulieri,etdemuliere
