4034 6180
202 262 261 326 963
280 331 294 342 Ἴ
652 258 684 318 S.
709 255 922 319 ansul-latin
945 255 1255 317 llrllllliUllGllNSlS
1277 255 1363 317 EPlS
1377 254 1463 316 cert
1542 262 1547 275 ’
1820 225 1869 318 etl

202 394 278 462 rislo,
295 397 429 450 sanetum
446 391 561 448 Petrum
577 392 754 463 apostolum,
771 388 926 445 albestum
937 387 1022 445 toan-
1035 388 1065 456 Α
1078 388 1160 444 intus
1174 385 1340 457 baberetur,
1353 384 1549 460 contemplari
1559 401 1617 443 non
1628 387 1761 458 poteram,
1771 389 1813 444 sed
1822 392 1873 446 tan·

203 499 270 539 nem
287 482 445 556 baptistam
456 477 485 534 in
497 479 675 550 adjutorium
684 475 740 534 sibi
751 477 925 535 invocasset.
937 481 1024 533 Cum·
1078 480 1141 533 tum
1157 473 1342 549 superficiem
1354 475 1513 532 cernebam
1525 493 1532 532 :
1544 473 1742 548 ipsumtaruen
1751 475 1872 537 initiasse

202 588 260 645 que
269 570 377 634 anirna,
387 567 483 641 utipsi
494 566 656 635 videbatur,
668 567 1022 640 egredereturacorpore,
1078 566 1243 638 credebam,
1270 566 1305 622 de
1325 581 1384 638 quo
1413 565 1520 621 Petrus
1543 564 1601 620 ait:
1617 568 1649 621 ln
1664 564 1874 636 remeasse

202 659 351 717 aestatim
367 659 397 713 in
413 657 470 714 alia
484 655 682 730 pulcherrime
696 657 793 730 specie
804 655 933 729 corporis
944 656 1024 712 omni
1077 655 1171 725 capeti
1184 655 1337 728 prospicere
1365 654 1449 726 (Patr.
1480 670 1513 720 11,
1541 653 1599 722 lt).
1623 653 1665 708 Ab
1692 651 1752 726 ipsa
1772 669 1874 728 namque

202 746 380 806 mortalitate
390 763 424 802 ac
436 743 630 802 sollicitudine
646 744 772 800 carentis
782 748 951 818 appareret;
968 745 1024 801 sub
1079 741 1351 800 claritasimmensa
1366 741 1555 816 procedebat,
1572 757 1607 797 ex
1622 758 1679 814 qua
1693 741 1781 798 omnis
1798 742 1873 816 longi-

202 836 303 894 eodem
315 838 462 891 momento
474 832 1026 907 mortisetadmirationisapparuerunt
1079 833 1150 889 tudo
1164 835 1193 888 et
1207 831 1331 889 latitudo
1346 833 1516 889 sanctorum
1530 830 1742 887 illustrabatur.
1754 830 1809 903 lpse
1820 848 1874 904 quo·

203 924 314 998 prelati
329 922 400 980 riri:
416 937 542 994 quorum
553 925 615 977 erat
625 938 702 978 unus
714 921 822 989 senior,
835 937 908 979 cano
919 921 1023 994 capite,
1079 938 1135 995 que
1150 921 1367 994 quodammodo
1383 923 1446 976 erat
1460 920 1489 976 in
1501 919 1651 987 omnibus,
1667 921 1695 975 et
1705 919 1872 990 omncsincq

203 1012 306 1086 capillo
319 1011 405 1084 plano
415 1015 444 1067 et
454 1010 560 1090 spisse,
570 1009 642 1067 lacie
649 1010 774 1077 rubenti,
785 1008 866 1066 vultu
878 1009 1023 1078 subtristi,
1079 1009 1142 1083 ipse
1155 1026 1257 1066 omnes
1273 1008 1400 1066 exterius
1414 1009 1632 1074 circumdabat,
1649 1007 1711 1079 ipsa
1733 1023 1821 1063 amnes
1837 1009 1873 1064 in·

202 1105 281 1157 veste
296 1099 420 1157 candida
434 1101 463 1155 et
478 1098 617 1168 colorata,
629 1102 742 1156 statura
756 1097 847 1169 brevi,
864 1115 952 1172 quem
962 1097 1026 1170 ipse
1079 1095 1873 1176 teriussatiandoregebat;ipsesuperiusprotegebatipse

203 1192 338 1246 sanctum
344 1189 462 1246 Petrum
478 1187 672 1256 esse‚nemine
683 1191 819 1244 narrante
830 1187 930 1244 statim
941 1203 1029 1262 agno·
1080 1185 1203 1244 interius
1215 1187 1389 1244 sustinebat.
1401 1185 1450 1242 Sol
1460 1202 1528 1243 vere
1539 1190 1570 1243 et
1580 1184 1652 1258 luna
1662 1201 1830 1258 nequaquam
1838 1184 1873 1241 lu-

201 1277 243 1334 vit
255 1295 262 1346 ;
275 1277 352 1334 alius
367 1293 433 1333 vero
446 1276 564 1350 juvenis
578 1280 649 1352 erat,
666 1279 778 1332 statura
792 1275 948 1350 procerior,
964 1276 1028 1332 bar·
1081 1276 1184 1332 cebant
1195 1275 1245 1344 ibi,
1256 1292 1310 1332 nec
1320 1275 1426 1332 coslum
1436 1292 1470 1332 ac
1480 1279 1559 1332 terra
1569 1273 1678 1332 ibidem
1689 1273 1748 1330 visa
1757 1278 1823 1331 sunt.
1831 1275 1873 1331 Sed

202 1366 271 1422 bam
282 1364 429 1434 emittens,
440 1362 1026 1440 eapitesubluscoetquesubcrispo,lacis
1081 1380 1174 1438 neque
1190 1363 1255 1437 ipsa
1266 1364 1384 1422 claritas
1398 1363 1466 1421 talis
1480 1367 1554 1432 erat,
1571 1379 1638 1436 qare
1656 1361 1750 1420 oeulos
1771 1367 1874 1419 cennm-

205 1453 371 1521 macilentu,
385 1453 466 1510 vultu
479 1454 621 1526 Joeundo,
631 1453 660 1509 in
676 1457 756 1509 veste
766 1452 869 1523 serica,
880 1467 967 1524 quem
977 1450 1027 1508 illa
1080 1452 1453 1526 plantiumimpcdiret,sed
1465 1469 1530 1526 quar
1539 1452 1642 1509 ocules
1651 1451 1875 1526 gratissimesatia-

205 1547 342 1600 sanctum
356 1543 500 1600 loannem
515 1559 580 1600 esse
595 1541 715 1599 omnino
730 1541 862 1598 credidit.
878 1541 913 1597 lli
928 1541 1028 1613 itaque
1081 1545 1132 1598 ret.
1150 1542 1185 1598 aa
1199 1541 1408 1614 cumaeniores
1423 1542 1562 1598 sedentes
1573 1540 1706 1606 dixerim,
1717 1539 1746 1596 in
1758 1540 1875 1612 ipsoque

204 1648 271 1690 eum
287 1631 355 1689 binc
371 1632 439 1689 inde
453 1633 718 1690 circumsteterunt.
740 1635 829 1687 Porro
849 1629 948 1686 anirna
962 1629 1027 1700 ejus
1081 1629 1238 1686 dammodo
1249 1629 1403 1687 sedebant:
1416 1646 1483 1686 uam
1495 1629 1539 1686 nil
1550 1632 1783 1702 corporeumerat
1790 1627 1874 1696 ibisci

204 1721 427 1795 egressastatim
438 1721 469 1778 in
479 1720 624 1778 immensa
631 1719 772 1791 claritate,
784 1735 842 1791 qua
853 1721 934 1774 tetus
944 1733 1028 1774 mun·
1081 1722 1274 1776 erantcuncta
1283 1718 1465 1792 incorporea,
1477 1717 1547 1774 lieet
1558 1715 1874 1791 speciemcorporumha·

204 1809 259 1866 dus
271 1810 458 1882 implebatur,
471 1809 528 1867 sibi
542 1809 696 1867 videbatur
709 1823 792 1864 esse:
808 1822 956 1879 perquam
971 1805 1028 1862 cla·
1081 1808 1191 1877 beatis,
1208 1811 1236 1864 et
1246 1808 1309 1864 ideo
1318 1806 1487 1864 ineffabilia.
1497 1805 1582 1864 Circa
1592 1807 1724 1864 sedentes
1733 1821 1792 1862 rere
1802 1802 1875 1878 splen·
1963 1865 1964 1882 χ

203 1900 319 1956 ritatem
326 1897 587 1954 illumnullatenus
597 1898 626 1951 in
634 1895 732 1968 aliquo
743 1895 924 1952 laborantem
933 1895 1027 1952 sancti
1081 1897 1136 1953 dor
1151 1896 1266 1971 abipso
1280 1896 1451 1970 procedens,
1467 1895 1578 1954 similis
1592 1895 1673 1952 arcui
1685 1894 1875 1963 nubium,tenc·
1963 1885 1964 1904 ¹

204 1986 365 2058 supradicti
381 1985 455 2040 miro
467 1987 496 2040 et
509 1983 649 2040 ineflabili
669 1984 756 2041 modo
784 1983 933 2052 ducentes,
959 1999 1026 2040 cum
1081 1985 1180 2044 batur.

203 2072 405 2147 pervenissent
420 2072 455 2128 ad
470 2071 568 2129 locum
577 2073 747 2147 quemdam,
757 2089 844 2147 quem
855 2072 918 2146 ipse
928 2072 1027 2146 ignem

202 2161 405 2236 purgatorium
420 2178 494 2231 esse,
503 2161 620 2218 nemine
635 2160 947 2234 narrante‚certissime
958 2160 1029 2218 seie-
1200 2163 1346 2238 llcrtyrcm
1359 2181 1388 2221 sc
1400 2165 1459 2237 scre
1480 2164 1632 2236 intellipit,·
1647 2161 1778 2235 quemodo.

204 2251 264 2319 bat,
276 2249 583 2320 ibicumdimisernnt‚
593 2250 716 2307 abicam
723 2249 817 2307 multa
826 2266 931 2323 passus
940 2254 1026 2318 esset,

203 2339 348 2411 praecipue
358 2341 456 2395 tamen
468 2338 603 2395 tenebrae
613 2339 805 2396 densissimas
816 2354 1028 2411 pressurasque
1119 2347 1143 2399 6.
1161 2367 1175 2394 «
1187 2341 1260 2399 Gum
1275 2342 1374 2415 itaque
1389 2359 1405 2400 a
1421 2342 1554 2416 prefatis
1569 2341 1643 2399 viris
1658 2357 1750 2396 coram
1769 2339 1815 2395 hac
1832 2336 1874 2392 inr-

203 2425 436 2483 immanissimas
450 2431 478 2482 et
493 2426 702 2484 sullecationes
713 2427 794 2484 visus
808 2431 853 2484 est
867 2426 1026 2498 tolerasse;
1081 2431 1236 2488 mansitate
1251 2429 1383 2499 luminis,
1395 2431 1446 2488 ubi
1462 2431 1536 2487 mihi
1552 2432 1691 2505 majestas
1706 2429 1752 2486 Dei
1765 2427 1872 2498 omnipo-

203 2519 291 2588 atque
302 2517 382 2572 ernni
395 2515 536 2572 memoria
546 2515 652 2584 ablata,
664 2515 726 2573 hec
737 2516 833 2573 solum
843 2515 890 2572 vix
900 2516 1027 2590 cogitare
1081 2519 1180 2592 tentis,
1192 2520 1309 2577 nemine
1315 2523 1508 2590 monstrante,
1519 2537 1587 2577 esse
1601 2519 1758 2585 videbatur,
1772 2530 1874 2590 presan·

134 2617 137 2622 ’
203 2603 379 2678 sufficiebat,
397 2605 542 2678 quomodo
558 2608 620 2662 tarn
651 2605 790 2662 immanis
814 2603 1028 2678 possetaliqua
1081 2612 1160 2666 tatus
1174 2609 1308 2678 inissem,
1324 2627 1378 2666 vox
1393 2609 1581 2678 suavissima,
1595 2609 1674 2665 omni
1686 2605 1824 2664 sonoritate
1833 2600 1874 2657 cla-
1963 2605 1964 2608 ’

204 2693 343 2752 exsistere
357 2711 455 2768 poena.
469 2693 602 2767 Cumque
614 2693 816 2768 pertriduum,
827 2697 860 2750 ut
871 2695 934 2766 ipse
945 2697 1028 2767 puta-
1081 2698 1150 2767 rior,
1164 2697 1234 2771 quia
1248 2698 1319 2754 mibi
1331 2714 1418 2754 omne
1431 2697 1645 2755 saeculumvisa
1654 2701 1698 2754 est
1707 2692 1872 2766 complevisse,

204 2783 264 2852 bat,
281 2782 321 2839 ibi
337 2783 527 2850 cruciaretur,
543 2784 621 2856 quod
637 2784 767 2856 spatium
783 2781 825 2839 illi
841 2782 922 2840 mille
941 2783 1026 2840 annis
1082 2786 1118 2841 ab
1133 2787 1235 2844 eadem
1251 2787 1406 2859 majestate
1421 2787 1600 2860 prodedens,
1618 2786 1654 2843 ad
1669 2777 1873 2842 melectaestdi·

203 2870 321 2945 longius
336 2877 454 2945 propter
468 2871 644 2928 immensam
654 2888 770 2944 prauam
779 2869 875 2929 visum
886 2876 948 2941 est;
963 2889 1027 2928 rur·
1082 2891 1151 2931 cens
1164 2893 1170 2932 :
1185 2875 1278 2944 Vade,
1293 2879 1322 2932 et
1336 2877 1476 2950 martyrio
1492 2880 1653 2933 coronatus
1668 2874 1704 2932 ad
1718 2889 1761 2929 me
1774 2871 1872 2926 reverte·
1963 2909 1964 2928 2

205 2960 664 3034 sumredeuntesjamdicliviri,
681 2962 847 3034 iterumque
862 2959 1027 3018 illumhiuc
1081 2964 1132 3020 ris.
1144 2963 1186 3020 Ad
1203 2980 1292 3036 quam
1306 2980 1406 3021 vocem
1435 2965 1532 3021 omnis
1549 2969 1709 3022 conventus
1735 2963 1871 3018 sanctornm
1963 2993 1964 3000 ,

205 3050 274 3106 inde
284 3049 549 3118 circumsonasset
563 3048 648 3124 longe
659 3051 763 3124 majori
773 3067 863 3123 quarn
873 3049 955 3123 prius
966 3049 1026 3106 ala·
1081 3055 1172 3108 Deum
1188 3052 1257 3109 hinc
1270 3051 1339 3110 inde
1353 3053 1552 3120 laudantium,
1570 3051 1718 3120 conticuit,
1730 3055 1805 3122 atque
1817 3043 1873 3100 sub-

206 3139 308 3196 oritate
317 3138 549 3212 letantes,atque
558 3139 588 3195 in
600 3139 739 3196 omnibus
749 3137 842 3196 multo
852 3138 972 3195 suavius
981 3139 1027 3194 in·
1042 3126 1063 3194 C
1081 3141 1182 3198 missis
1196 3140 1326 3198 vultibus
1356 3142 1496 3200 adoravit.
1514 3143 1647 3217 Denique
1663 3139 1787 3216 speciem,
1801 3149 1871 3206 aque

206 3227 591 3300 cedentes,permaj0rem,si
602 3227 660 3284 diei
670 3227 937 3301 possit,clarilatem
947 3243 1028 3301 gres·
1083 3229 1143 3286 hee
1153 3247 1206 3286 vox
1222 3230 1347 3286 formata
1357 3234 1443 3300 esset,
1455 3249 1580 3305 prorsus
1591 3248 1650 3288 non
1660 3229 1725 3286 vidi.
1735 3229 1870 3295 Postquam
1963 3227 1964 3270 l

109 3380 113 3388 „
207 3315 1026 3389 suimmobilisineviacorporeaambulantes,ducebant.
1081 3319 1673 3393 voeemtristislactus;quiaadsaculum
1682 3307 1872 3384 redirecompel·
1963 3321 1964 3344 ¹

1082 3408 1173 3477 labar,
1190 3408 1241 3464 sed
1256 3408 1292 3465 de
1306 3408 1467 3466 revertendi
1483 3409 1680 3482 promissione
1694 3411 1870 3468 secernatur]

1082 3495 1229 3569 predictis
1239 3495 1411 3552 ductoribus
1425 3496 1529 3553 exinde
1539 3495 1705 3554 remeabam
1715 3489 1870 3564 :quinarum

241 3582 269 3638 5.
281 3582 326 3649 st,
335 3581 572 3654 utverbisipsius
582 3585 702 3637 utamur
713 3600 720 3638 :
732 3605 746 3632 (ι
758 3581 909 3649 Videbam,
922 3580 1028 3652 inquit,
1082 3589 1142 3640 tam
1158 3588 1271 3652 euntes,
1287 3601 1375 3657 quam
1392 3585 1548 3641 redeuntes
1564 3583 1639 3640 nihil
1652 3580 1735 3640 locuti
1750 3579 1824 3642 sunta
1833 3569 1870 3627 tid

208 3688 225 3726 a
241 3669 326 3742 longe
342 3669 471 3724 diversos
486 3673 656 3724 sanctorum
671 3669 798 3736 ordines,
808 3668 952 3740 quosdam
962 3668 1030 3723 vici·
1081 3677 1143 3729 tam
1158 3673 1206 3746 pio
1221 3674 1325 3729 ellectu
1337 3672 1367 3729 iu
1378 3689 1425 3730 me
1438 3673 1646 3746 respiciebant,
1658 3662 1869 3745 quemadmodum

207 3757 286 3823 nius,
303 3757 446 3826 quosdam
459 3771 525 3810 vero
535 3753 662 3827 longius,
675 3755 710 3811 ab
721 3755 832 3812 oriente
845 3754 1027 3825 assistentes,
1083 3767 1176 3818 mater
1191 3763 1311 3819 unicum
1327 3760 1421 3818 lilium
1437 3751 1664 3838 contemplatur.
1676 3761 1773 3832 Sicque
1783 3753 1870 3810 adcor

158 3867 161 3876 ¹
210 3843 246 3898 ad
262 3842 404 3898 orientem
419 3844 517 3898 tamen
532 3841 729 3915 respicientes,
751 3845 919 3917 ipsumque,
935 3845 985 3917 qui
1000 3846 1030 3902 iu
1085 3867 1141 3924 pus
1156 3850 1457 3908 redii.1neund0ver0
1470 3839 1868 3918 ecredeunde,neclaboreral,

209 3931 318 3991 oriente
328 3931 496 4003 apparebat,
508 3930 710 3989 collaudantes
722 3951 729 4004 ;
741 3932 862 4006 quidam
873 3933 1031 3992 submissis
1085 3955 1137 3996 nec
1152 3955 1250 3996 mora:
1263 3941 1332 4012 quia
1342 3956 1399 4013 quo
1409 3941 1616 4009 tendebamus,
1628 3937 1724 3996 statim
1734 3934 1867 3991 aderamus.

209 4019 365 4094 capitibus,
373 4019 761 4094 quidamsupinisvultibus,
772 4023 931 4097 pansisque
940 4023 1033 4080 mani·
1084 4029 1120 4084 st
1132 4027 1200 4084 licet
1209 4027 1308 4101 aliqua
1317 4029 1398 4086 visus
1408 4029 1465 4086 sim
1477 4030 1512 4087 de
1521 4033 1605 4086 tanta
1616 4024 1761 4085 dulcedine
1770 4011 1871 4075 dnlcedi-

209 4109 264 4166 bus
279 4109 450 4166 adorabant.
466 4109 600 4183 Cumque
619 4111 854 4184 pervenissemus
878 4113 914 4169 ad
934 4111 1031 4169 locum
1086 4102 1872 4191 numenanassepnteortamen,quianaquaquamati'lll

208 4199 340 4268 orientis,
356 4215 421 4256 ecce
435 4198 538 4273 viginti
564 4204 689 4271 quatuor
704 4200 844 4269 seniores,
868 4202 1032 4258 secundnm
1085 4209 1167 4262 tanta
1181 4206 1342 4279 exprimere
1357 4207 1463 4280 potuit,
1479 4197 1591 4281 quanta
1606 4207 1721 4263 animus
1735 4197 1818 4256 sentit
1831 4185 1871 4246 Sed

208 4289 287 4360 qued
302 4287 332 4345 in
343 4287 513 4363 Apocalypsi
529 4288 734 4362 scriptumest,
748 4289 778 4344 in
793 4289 913 4346 sedibus
927 4290 1031 4346 sedan·
1086 4311 1139 4351 nee
1152 4293 1215 4367 ipse
1230 4293 1347 4353 animus
1358 4296 1455 4364 sentit,
1465 4300 1498 4352 ut
1506 4294 1580 4352 luit:
1594 4290 1744 4368 quiaillud
1753 4301 1808 4345 csse
1819 4277 1872 4336 wiht

208 4377 510 4445 tes,servatointroitu
522 4376 712 4450 amplisserno
722 4380 935 4451 apparuerunt:
948 4377 1034 4451 quiet
1084 4383 1249 4453 videbatur,
1264 4382 1343 4456 qued
1357 4381 1460 4439 oculus
1470 4399 1529 4440 nou
1539 4383 1625 4451 vidit,
1635 4397 1687 4439 nec
1696 4376 1771 4434 auris
1781 4362 1872 4426 audivit

162 4545 168 4554 ἱ
209 4465 265 4538 ipsi
281 4469 446 4522 reverenter
454 4465 488 4520 ad
500 4466 641 4523 orientem
652 4471 859 4538 respectantes,
870 4465 1032 4523 inellahiles
1046 4493 1069 4560 D
1084 4471 1176 4528 necin
1187 4471 1375 4529 corhomiuis
1386 4471 1528 4528 ascendit,
1543 4493 1556 4522 o
1566 4457 1873 4548 Exhaoitaquevisioct.

209 4552 623 4627 Dominilaudesprcmebant.
635 4556 750 4612 Laudes
760 4571 825 4612 vero
837 4555 1031 4612 incommune
1085 4577 1185 4635 quam,
1202 4560 1356 4634 sicutipse
1370 4561 1541 4631 dictaverat,
1568 4560 1666 4617 verbis
1680 4556 1745 4613 illus
1756 4556 1872 4606 enarnvt·

208 4641 377 4700 canentium
393 4641 600 4700 suavissimam
616 4644 689 4709 mihi
705 4642 890 4701 relectionem
915 4644 1032 4718 ingne-
1085 4667 1153 4706 mus
1167 4667 1174 4719 ;
1190 4650 1329 4722 prelatus
1344 4665 1445 4707 servus
1456 4648 1507 4706 Dei
1518 4653 1547 4707 et
1556 4627 1871 4724 perterritusetcensola·

208 4732 294 4800 bant;
311 4732 363 4789 sed
372 4736 439 4805 post
450 4731 644 4788 reversionem
657 4733 693 4788 ad
703 4733 941 4805 eorpusretinere
951 4732 1031 4790 nullo
1085 4743 1143 4808 tus,
1156 4737 1243 4812 caepit
1258 4755 1290 4797 se
1304 4737 1460 4797 sollicitius
1474 4727 1504 4795 in
1520 4737 1619 4795 divino
1633 4747 1757 4794 exercere
1780 4724 1868 4783 timere,

209 4819 296 4876 ruodo
321 4825 463 4894 poteram.
492 4825 525 4876 ln
554 4821 617 4893 ipse
645 4837 713 4877 vere
737 4821 857 4878 orientis
880 4820 954 4890 loco,
970 4825 1033 4878 erat
1085 4813 1870 4902 nonisqueoperibusdedieindiemardennusinheree,

209 4907 349 4978 splendor
358 4907 513 4977 mirabilis,
529 4908 579 4966 lux
593 4909 815 4976 inaccessibilis,
831 4909 929 4966 nimie
945 4914 1033 4983 atque
1086 4933 1227 4991 spemque
1238 4916 1333 4974 deDei
1344 4915 1543 4974 misericordia
1553 4901 1870 4989 presumerequedqlt·

210 4993 360 5053 immense
369 4997 520 5068 claritatis,
530 4999 577 5056 cui
588 4999 682 5056 inerat
691 4998 787 5056 emnia
797 4998 1031 5072 celorpretiosis·
1085 5005 1154 5062 dam
1167 5005 1229 5080 ipse
1244 5005 1412 5080 disponeret
1426 5005 1588 5073 occasione,
1605 5008 1634 5060 et
1647 5002 1682 5059 ad
1693 4995 1872 5078 palmata'mil·

157 5087 162 5100 ·
211 5080 316 5152 simus,
328 5087 669 5160 omnisquejoeunditas:
681 5093 1032 5148 omnesveroseactorum
1086 5093 1154 5167 tyrii
1169 5096 1270 5168 posset
1283 5095 1456 5168 pertingere.
1473 5094 1554 5162 Quod
1565 5097 1663 5150 tamen
1674 5067 1872 5163 quiscerem*

211 5166 339 5240 ordines,
347 5175 442 5244 qutun
449 5177 537 5250 dique
543 5175 673 5235 letantes
679 5177 919 5246 circumstabant,
927 5178 963 5234 ab
969 5177 1033 5250 ipso
1087 5186 1132 5239 ter
1145 5181 1243 5256 gladio
1257 5182 1430 5240 imminente
1444 5199 1502 5240 non
1515 5181 1646 5256 contigit,
1657 5168 1804 5250 qualiteria
1813 5171 1871 5217 mor·

465 3451 535 3506 Dein
551 3450 580 3505 ia
596 3449 765 3522 paradisum.

211 5256 751 5340 gaudiumhauriebant.Quisplendor
761 5265 1034 5340 tanturmagnitudi-
1088 5271 1247 5329 titicatione
1257 5272 1363 5342 crucis,
1380 5289 1469 5347 quam
1480 5271 1592 5346 jugiter
1605 5272 1635 5326 in
1650 5283 1701 5326 suo
1714 5269 1817 5332 eatpolt
1834 5257 1871 5320 ΡΡο

211 5347 259 5405 nis
269 5350 341 5415 erat,
358 5351 451 5404 utnec
461 5351 579 5410 initium
592 5357 667 5427 eJ'us,
680 5372 732 5413 nec
743 5357 832 5412 linem
842 5355 1034 5430 contemplari
1089 5345 1198 5418 (ibristi
1217 5361 1345 5418 nominis
1371 5361 1481 5419 bonore
1508 5358 1642 5434 portavit,
1669 5355 1724 5414 Deo
1747 5333 1873 5434 mistrtssii

210 5435 349 5496 valerem.
364 5435 401 5494 Et
412 5451 479 5494 cum
492 5439 721 5517 circumquaque
731 5445 817 5520 longe
831 5446 876 5503 vel
890 5463 979 5520 prope
990 5463 1034 5504 re·
1090 5449 1269 5526 completum
1285 5451 1334 5524 sit,
1349 5466 1418 5508 oum
1432 5451 1469 5508 de
1478 5449 1559 5508 obitu
1576 5448 1654 5505 illius
1664 5451 1772 5503 narrare
1779 5435 1872 5502 capili·

211 5527 322 5610 spicere
334 5543 462 5606 possem,
479 5526 509 5586 in
525 5529 590 5606 ipsa
604 5533 800 5596 immensitate
814 5535 947 5614 luminis,
964 5535 1035 5612 quid
1092 5553 1169 5612 mars,
1185 5537 1273 5600 latius
1289 5539 1509 5620 explicabimus.
