3930 6172
158 337 218 402 tra
440 293 645 402 neruosis
668 335 942 399 naunuasrar.
966 331 1088 395 uerso.
1112 335 1198 396 oar.
1221 333 1322 396 rins
1345 333 1433 394 11.-
1448 331 1584 394 notite.
1810 331 1869 392 rao

172 528 178 536 ,
222 475 280 524 Non
295 486 390 524 aurum
405 486 492 524 caecus
506 473 629 532 Domino,
645 469 823 544 nonprrprnta
837 468 929 542 iruulta,
989 471 1024 560 ,A
1041 469 1127 522 etiam
1146 473 1173 522 rt
1189 469 1223 524 de
1240 467 1295 522 tide
1314 465 1406 540 ipsius
1422 465 1500 536 ccci,
1520 463 1549 520 ht
1565 463 1615 537 qui
1630 463 1754 521 aderant
1771 466 1869 520 borni-

223 537 276 609 ⁸⁰5¹
291 535 377 610 ¹⁰9⁶¹1¹
392 536 478 600 Pium
494 533 773 645 ffidiffiqugffflflssn
786 544 816 622 ¹²¹,
829 535 925 642 ³⁵3¹*
1041 575 1112 614 num
1129 555 1351 631 glorificabant:
1370 555 1409 610 ita
1420 558 1449 611 et
1464 571 1517 611 noe
1532 553 1609 610 bona
1619 571 1708 628 opera
1718 554 1870 623 facientes,

173 633 179 714 ἶ
223 600 304 664 culm
318 612 346 649 m
361 597 482 724 exrempm
496 601 594 648 cuneta
607 609 636 646 m
657 600 738 645 mmm
752 607 854 658 mun
869 629 875 642 ’
1041 647 1069 702 in
1088 646 1197 704 sanctis
1213 644 1481 704 conversationibus
1495 643 1603 700 nostris
1614 641 1687 700 tales
1703 661 1757 700 nos
1772 650 1871 701 osteu-

160 742 193 802 ln
209 742 294 814 cujus
310 740 448 816 petitione
461 740 614 808 discimus,
631 737 699 812 quia
720 737 748 792 in
775 735 905 793 oratione
928 752 987 792 non
1042 737 1109 793 dere
1134 736 1285 804 debemus,
1303 738 1335 790 ut
1349 733 1378 790 in
1394 733 1478 790 nobis
1496 731 1676 806 glorificetur
1689 737 1779 804 Deus,
1795 734 1873 792 sicut

161 847 279 900 aurum,
295 847 352 887 non
373 833 538 904 argentum,
556 845 614 884 non
630 831 760 884 terrenae
775 825 903 892 divitias,
930 841 987 880 non
1042 825 1105 898 ipse
1121 825 1269 894 admonet,
1288 823 1404 880 dicens:
1430 845 1444 874 «
1463 823 1570 878 Luceat
1588 822 1639 878 lux
1653 826 1749 880 vestra
1772 841 1873 881 eoram

161 919 360 994 longiturnam
375 918 476 984 vitam,
489 934 545 994 non
557 915 716 972 vindictam
729 913 926 977 inimieorum,
939 912 989 969 sed
1043 911 1875 985 hominibus,utvldcuntvestrabcneopera,etglorificent

162 1000 773 1078 ineffahitetumenquareredabemus,hoc
784 1006 838 1071 cst,
851 1001 990 1073 utipsum
1045 1003 1158 1060 Patrem
1175 1007 1316 1072 vestrum,
1340 1000 1389 1074 qui
1406 1000 1435 1056 in
1453 1000 1534 1056 coelis
1549 1004 1593 1056 est
1608 1001 1714 1070 (lfettb.
1727 1003 1767 1074 v).
1787 1004 1875 1059 »Sed

162 1097 261 1155 videre
275 1096 434 1170 possimus,
447 1117 460 1146 «
479 1093 529 1168 qui
545 1091 693 1150 illuminat
708 1107 825 1148 omnem
841 1089 991 1146 hominem
1046 1093 1124 1165 quod
1135 1092 1170 1148 ad
1182 1108 1275 1166 genus
1285 1090 1450 1146 humanum
1460 1089 1589 1146 diximus
1599 1091 1745 1163 pertinere
1755 1109 1876 1165 genera-

163 1187 328 1244 venientem
343 1185 373 1240 in
388 1185 467 1240 hunc
478 1183 621 1239 mundum
638 1182 726 1250 (foen.
742 1181 773 1252 1),
793 1203 803 1229 ι
818 1179 990 1252 juxtaqucd
1046 1181 1122 1244 liter,
1139 1173 1317 1254 potestet'hd
1327 1195 1569 1252 unumquemque
1580 1185 1761 1252 peccatorem
1773 1183 1876 1238 referri

165 1277 228 1350 ipse
243 1275 390 1340 admonet,
406 1273 522 1330 dicens:
549 1295 563 1322 «
575 1270 700 1335 Quaerite
715 1270 844 1342 primum
869 1285 992 1343 regnum
1047 1269 1221 1344 specialiter.
1238 1269 1292 1338 Qui
1303 1268 1380 1325 enim
1391 1267 1544 1325 criminale
1555 1273 1708 1342 peceatum
1717 1271 1878 1328 committit

166 1363 216 1422 Dei
228 1361 411 1435 etjustitiam
426 1362 501 1435 ejus,
520 1365 548 1416 et
561 1360 622 1416 hec
638 1359 737 1415 omnia
752 1358 928 1431 adjicientur
942 1373 993 1414 uo-
1048 1360 1182 1433 inopere‚
1194 1356 1530 1431 qualcestadulterium,
1540 1356 1742 1428 homicidium,
1752 1359 1877 1426 furtum,

165 1452 211 1510 bis
227 1451 334 1524 (Meuia.
348 1452 421 1521 vit»
435 1441 582 1517 Quantum
596 1451 693 1504 autem
707 1447 891 1519 fidesvaleat,
903 1445 995 1502 meni·
1049 1449 1161 1523 rapina,
1174 1446 1374 1520 sacrilegium,
1386 1449 1415 1502 et
1425 1445 1472 1502 his
1481 1445 1598 1516 similia,
1611 1446 1772 1520 odiumque
1782 1453 1880 1522 gestat

166 1541 300 1610 laetatur,
317 1556 384 1596 cum
397 1539 540 1596 insertur:
1048 1537 1078 1594 in
1091 1539 1188 1608 eorde,
1200 1553 1294 1593 eacus
1304 1541 1348 1592 est
1358 1536 1388 1592 in
1400 1540 1508 1604 mente,
1518 1535 1630 1593 Jcanue
1643 1537 1776 1609 apostolo
1792 1543 1878 1608 teste,

203 1653 217 1680 e
231 1630 267 1686 lit
279 1628 367 1685 lesus
381 1628 423 1686 alt
437 1626 478 1683 illi
492 1643 498 1684 :
515 1627 647 1698 Respice,
665 1626 738 1682 fides
763 1629 814 1683 tua
828 1629 857 1682 te
880 1624 994 1682 salvum
1049 1628 1099 1701 qui
1115 1627 1169 1684 ait:
1191 1649 1204 1676 u
1217 1625 1320 1682 Omnis
1331 1625 1380 1698 qui
1392 1625 1454 1682 edit
1464 1626 1583 1682 fratrem
1595 1641 1694 1693 strum,
1707 1626 1736 1681 in
1748 1627 1878 1683 tenebris

167 1741 182 1770 a
198 1717 275 1774 fecit.
289 1739 304 1768 »
315 1715 344 1774 Si
355 1713 498 1774 enimiste
508 1731 559 1788 per
574 1716 662 1770 fidem
672 1712 856 1771 illuminatus
867 1716 922 1782 est,
932 1713 996 1787 qui·
1049 1721 1104 1786 ast,
1116 1719 1144 1772 ct
1155 1716 1183 1771 in
1203 1713 1331 1771 tenebris
1345 1711 1488 1782 ambulat,
1506 1717 1535 1769 et
1550 1713 1714 1786 nescitque
1730 1720 1788 1784 cat,
1806 1732 1879 1788 quo·

167 1822 284 1880 cunque
308 1822 367 1860 non
386 1803 488 1872 credit,
505 1802 633 1860 intldelis
648 1808 702 1871 est,
720 1803 789 1876 quia
812 1803 842 1859 in
867 1803 995 1860 tenebris
1050 1805 1129 1862 niam
1140 1803 1265 1860 tenebra
1275 1801 1603 1860 obcecaveruntoculoe
1611 1803 1799 1875 ejnstlloun.
1811 1811 1854 1874 u).
1863 1827 1877 1856 n

168 1898 278 1962 manet,
289 1898 318 1950 et
328 1893 357 1950 in
368 1892 497 1950 tenebris
509 1892 717 1965 esteumargo
727 1891 780 1948 ait:
795 1891 899 1949 elides
908 1897 994 1949 tuate
1051 1895 1103 1962 Qui
1114 1897 1213 1949 autem
1226 1892 1371 1948 desiderat
1379 1889 1551 1959 illuminari,
1563 1895 1592 1948 et
1600 1892 1759 1949 eaecitatem
1770 1895 1878 1951 mentis

169 1981 993 2056 salvumfecit,»intelligiturquiahdesmagnaestvirtus,
1050 1985 1204 2058 deponere,
1216 1997 1273 2037 non
1285 1981 1494 2048 cleliaborcndo
1510 1999 1527 2036 a
1539 1980 1679 2053 petitione
1689 1997 1811 2050 cessare,
1823 1984 1874 2040 sed

169 2073 298 2148 sineque
308 2069 490 2144 impossibile
500 2073 546 2127 est
556 2067 669 2143 placere
680 2070 738 2126 Dec
749 2070 844 2143 (tlebr.
857 2071 906 2142 xi).
917 2069 997 2126 Sicut
1050 2070 1221 2146 spiritaliter
1235 2083 1351 2141 semper
1366 2069 1541 2134 mendicare,
1559 2069 1653 2138 idest,
1667 2071 1703 2127 ed
1719 2070 1881 2128 Ecclesiam

170 2161 248 2219 enim
257 2159 415 2216 infidelitas
427 2156 641 2216 materetradix
652 2161 695 2215 cst
705 2159 994 2228 cmuiemvitiorum,
1050 2161 1156 2228 veniat,
1174 2164 1202 2215 et
1218 2157 1728 2230 humilitcrsuapeccatacommissa
1741 2161 1882 2217 confitea-

171 2251 213 2309 eic
229 2249 301 2306 fides
312 2248 536 2323 origoomnium
547 2247 701 2314 virtutum,
714 2247 827 2304 dicente
838 2247 995 2320 Propheta:
1051 2255 1109 2318 tur,
1122 2248 1267 2322 praeterita
1282 2251 1400 2320 peccota
1416 2247 1532 2304 fletibus
1543 2245 1645 2316 diluat,
1662 2253 1691 2304 et
1705 2249 1742 2304 ad
1757 2250 1884 2306 audieu-

174 2339 299 2395 ..lestus
315 2341 411 2393 eutem
428 2354 463 2394 ex
478 2337 535 2393 tide
550 2335 618 2391 vivit
634 2337 825 2406 (Hebec.11),»
841 2353 929 2408 quam
948 2341 998 2392 Do·
1052 2339 1123 2398 dum
1135 2339 1255 2394 uerbum
1267 2335 1401 2392 ditinum
1417 2335 1542 2392 libenter
1556 2353 1642 2392 aures
1657 2337 1753 2394 cordis
1769 2338 1886 2411 aperiat

172 2427 271 2485 minus
286 2425 496 2483 commendans
507 2422 670 2498 discipulis,
684 2425 743 2480 ait:
762 2449 775 2475 e
792 2425 900 2480 Habete
910 2425 998 2481 fidem
1054 2427 1106 2503 (tbi
1118 2428 1195 2486 enim
1208 2427 1236 2481 in
1249 2429 1416 2482 sanctorum
1426 2423 1566 2498 exemplis
1574 2424 1634 2482 sive
1642 2425 1737 2482 verbis
1747 2428 1886 2499 reperiet,

172 2514 396 2588 Dei(llerc.x1).
415 2535 429 2563 u
454 2514 489 2569 lit
501 2512 628 2570 iterum:
647 2535 660 2564 e
676 2513 703 2569 Si
728 2512 888 2569 habueritis
911 2513 998 2570 fidem
1054 2517 1194 2592 quoniam
1208 2515 1244 2571 de
1259 2513 1413 2586 preteritis
1430 2512 1543 2570 delictis
1558 2513 1789 2572 satisfactionem
1808 2517 1887 2573 acci-

172 2603 249 2662 sicut
259 2619 382 2678 granum
401 2601 523 2676 sinapis,
539 2601 673 2659 diceretis
688 2601 780 2658 monti
795 2601 863 2658 hnic
875 2617 881 2657 :
895 2601 999 2670 Transi
1054 2605 1123 2680 piet,
1134 2607 1163 2660 et
1177 2605 1212 2660 dc
1227 2601 1334 2658 suturis
1350 2601 1520 2674 cautelam);
1533 2603 1584 2658 sed
1600 2601 1624 2657 si
1639 2619 1692 2675 pro
1703 2607 1814 2660 aterna
1827 2605 1889 2661 rite

171 2693 252 2761 hinc,
264 2697 292 2749 et
307 2689 445 2750 transiret
462 2691 538 2764 (Luc.
554 2694 634 2760 xrrr).
646 2712 661 2742 n
685 2691 766 2757 Quod
789 2694 887 2747 autem
914 2707 1000 2746 nemo
1056 2692 1174 2768 eruperit
1189 2691 1327 2766 cogitare,
1344 2693 1373 2746 et
1389 2691 1424 2747 ud
1447 2707 1512 2747 eam
1528 2695 1594 2764 post
1610 2695 1761 2764 peccatum
1786 2694 1888 2750 flendo

172 2780 323 2840 beneflciis
333 2779 384 2836 Dei
395 2778 531 2854 ingratus
547 2779 650 2836 debeat
661 2797 822 2847 remanere,
835 2784 911 2836 recte
922 2779 956 2835 dc
967 2796 1000 2835 eo
1056 2782 1160 2851 redire,
1174 2797 1268 2838 cacus
1282 2783 1311 2836 et
1326 2797 1411 2836 secus
1422 2777 1498 2836 viam
1516 2779 1607 2848 sedet,
1620 2783 1648 2838 et
1660 2781 1820 2852 mendicat,
1840 2784 1889 2840 eui

173 2870 300 2928 dicitur:
1056 2875 1133 2930 recte
1148 2868 1283 2943 congruit
1298 2869 1376 2941 quod
1392 2867 1517 2924 dicitnr:
1535 2891 1550 2918 u
1566 2869 1601 2924 ut
1614 2886 1681 2927 cum
1697 2870 1814 2928 audiret
1824 2878 1891 2928 tur·

212 2981 222 3008 ι
239 2959 275 3014 itt
290 2949 443 3013 confestim
459 2957 542 3024 vidit,
554 2961 583 3014 et
597 2957 776 3030 sequebatur
791 2956 874 3014 illurn
891 2958 1002 3032 magni·
1056 2961 1124 3017 bam
1140 2960 1372 3032 pretereuntem,
1396 2956 1594 3029 interrogabat
1609 2957 1678 3030 quid
1694 2957 1749 3014 hoc
1763 2965 1856 3016 esset.
1874 2984 1889 3012 »

174 3069 189 3098 «
205 3047 298 3103 sscans
312 3049 414 3102 Deum
432 3067 446 3095 n
467 3047 581 3112 Quanto
597 3045 675 3102 enim
691 3041 815 3120 quisque
831 3047 897 3120 plus
912 3065 929 3104 a
943 3049 1002 3106 Deo
1056 3050 1152 3105 Turba
1171 3046 1339 3120 praeteriens
1355 3049 1523 3108 sanctorum
1540 3049 1585 3102 est
1599 3046 1749 3104 unanimis
1764 3047 1891 3120 chorus,

174 3132 371 3204 illuminatur,
380 3133 600 3209 tsntcamplius
610 3138 639 3190 ct
650 3135 807 3208 perfectius
817 3135 901 3193 bonis
911 3137 1003 3210 operi·
1057 3139 1102 3196 rel
1116 3155 1218 3194 eorum
1233 3135 1361 3193 actiones
1377 3139 1406 3190 et
1416 3133 1579 3191 doctrinam
1591 3135 1746 3208 significat,
1758 3137 1810 3209 qui
1823 3155 1893 3210 pro

175 3223 232 3284 bus
247 3239 278 3282 se
291 3239 423 3280 exercere
438 3224 537 3280 debet:
554 3223 631 3280 sicut
642 3223 695 3280 iste
707 3241 800 3282 cacus
811 3241 879 3292 mox„
888 3229 1002 3299 recepto
1017 3207 1040 3275 C
1059 3231 1159 3301 pterea
1174 3228 1382 3298 praetereuntes
1397 3223 1547 3295 dicuntur,
1560 3223 1630 3296 quia
1640 3241 1698 3280 non
1714 3223 1826 3282 babent
1842 3226 1893 3282 hic

175 3312 289 3372 lumine
313 3329 371 3369 non
387 3311 470 3384 piger
484 3311 635 3383 remansit,
652 3313 702 3367 sed
718 3312 809 3367 Deum
826 3318 944 3369 secutus
961 3319 1004 3370 est
1058 3319 1225 3372 manentem
1237 3312 1393 3382 civitatem,
1407 3312 1457 3368 sed
1468 3312 1599 3368 futuram
1610 3317 1671 3369 toto
1684 3313 1832 3370 desiderio
1845 3316 1893 3371 in·

178 3398 476 3472 magnificansillum.
489 3399 702 3456 Decebatenim
716 3399 1003 3472 utisquiaDomino
1058 3401 1189 3476 quirunt.
1215 3401 1361 3458 Praeterire
1384 3398 1492 3474 quippe
1516 3405 1684 3458 sanctorum
1700 3405 1755 3469 est,
1780 3419 1843 3460 non
1863 3406 1893 3461 in

176 3487 363 3544 illuminatus
379 3487 473 3542 fuerat
487 3503 545 3542 nen
561 3490 637 3542 retro
653 3487 769 3557 rediret,
781 3489 831 3544 sed
849 3488 940 3545 Deum
956 3507 1004 3546 sc·
1059 3507 1188 3548 amorem
1213 3489 1325 3558 mundi,
1355 3489 1483 3546 radicem
1509 3489 1606 3546 cordis
1630 3488 1762 3564 infigere,
1783 3493 1892 3550 sedad

177 3578 325 3648 queretur.
338 3573 426 3647 Sequi
446 3574 524 3630 enirn
546 3573 712 3644 Dorninum,
732 3575 840 3632 imitari
857 3581 911 3645 cst,
928 3578 1005 3636 sicut
1059 3584 1197 3637 aeternam
1212 3579 1300 3634 vitam
1317 3583 1375 3634 toto
1391 3577 1536 3642 desiderio
1550 3578 1696 3634 festinare.
1712 3579 1795 3636 Unde
1809 3598 1895 3639 unus

178 3663 241 3736 ipse
269 3662 357 3719 dicit:
375 3685 389 3714 α
421 3662 474 3727 Qut
502 3661 576 3719 milri
607 3663 763 3728 ministrat,
793 3683 839 3722 mc
863 3671 1005 3740 sequatur
1059 3687 1170 3735 eorum,
1187 3686 1254 3725 curn
1269 3667 1524 3740 vidissetimpium
1535 3667 1783 3739 superexaltatum
1794 3675 1823 3726 et
1835 3671 1897 3728 ele·

177 3752 445 3823 (foon0x11),uete.
465 3751 631 3808 Etiterum:
651 3753 1005 3830 «Quivultrenirepost
1058 3763 1167 3828 return,
1198 3759 1256 3814 ait:
1286 3780 1299 3808 a
1318 3755 1459 3824 Transivi,
1488 3760 1517 3812 et
1540 3772 1605 3812 ecee
1629 3774 1687 3812 uon
1714 3761 1777 3814 crat
1800 3758 1894 3830 (f’aef.

177 3857 224 3897 me
235 3839 345 3913 (norst.
358 3842 407 3908 rx),
420 3863 434 3890 n
447 3840 605 3914 etreliqua.
619 3842 672 3898 Ubi
684 3845 844 3900 notandum
856 3845 925 3918 quia
936 3852 1005 3904 sunt
1058 3851 1165 3916 xxxvi),
1182 3870 1195 3898 o
1212 3850 1266 3903 etc.
1282 3847 1415 3918 Cuurque
1429 3862 1463 3902 ex
1478 3861 1578 3901 eornm
1599 3844 1740 3917 exemplis
1755 3851 1785 3902 et
1800 3847 1896 3906 dictis

176 3927 309 3985 nonnulli
326 3928 444 4001 quinae
467 3929 577 3999 vident,
595 3947 646 3988 nec
667 3937 850 4005 sequuntur:
869 3939 939 3991 sunt
954 3934 1003 3991 alii
1059 3935 1392 4012 peecatorpeeeantibus
1402 3935 1525 3992 audierit
1537 3933 1704 3990 terribiliter
1713 3936 1895 3994 coniminari

175 4017 225 4092 qui
238 4015 348 4083 rident,
359 4018 410 4074 sed
426 4034 482 4073 non
503 4023 681 4092 sequuntur:
699 4019 748 4076 alii
763 4021 852 4077 etiam
868 4027 938 4080 sunt
953 4024 1004 4097 qui
1059 4043 1175 4100 poenam
1192 4030 1220 4081 et
1231 4021 1403 4097 Apostolum
1418 4023 1615 4080 clamantem:
1634 4045 1649 4074 e
1664 4021 1758 4078 Nolite
1769 4040 1894 4082 errare:

175 4112 204 4164 et
218 4105 318 4164 vident
330 4111 357 4164 et
376 4111 550 4180 sequuntur.
567 4107 624 4165 Nec
639 4107 739 4165 vident
755 4127 807 4168 nec
828 4117 1003 4185 sequuntur,
1061 4133 1154 4188 neque
1169 4113 1305 4184 adulteri,
1322 4129 1416 4184 neque
1430 4129 1560 4185 rapaces,
1575 4125 1670 4184 neque
1687 4111 1895 4172 masculorum

176 4195 253 4253 sicut
267 4184 336 4252 eunt
351 4195 457 4270 pagani
473 4200 502 4252 et
515 4195 618 4264 fedei,
636 4198 686 4270 qui
703 4216 756 4256 nec
772 4199 881 4256 bonum
896 4200 1003 4260 intelli·
1060 4204 1261 4262 concubitores
1276 4219 1399 4275 regnum
1424 4201 1471 4256 liei
1488 4201 1681 4273 possidebunt
1695 4202 1719 4274 (Ι
1733 4202 1794 4258 Cor.
1811 4205 1863 4274 rr).
1879 4229 1894 4254 a

177 4286 1003 4364 gunt,necoperantur.Vident,etrionsequuetur,qui
1059 4290 1317 4366 Etpoeniteutibus
1342 4289 1506 4364 repromitti
1536 4290 1661 4360 veniam,
1693 4299 1895 4364 compunctus

177 4373 524 4449 bonumintelligunt,sed
532 4375 643 4448 operari
651 4379 1004 4445 contemnunt,sicutfalsi
1060 4382 1146 4438 corde
1158 4381 1316 4452 interrogat
1326 4379 1396 4452 quid
1409 4378 1464 4436 hcc
1474 4379 1521 4436 sit.
1536 4379 1648 4436 Etcum
1661 4395 1696 4434 ex
1705 4396 1808 4436 corum
1822 4397 1895 4437 vcr-

179 4461 834 4537 actepidiChristiani,dcquibusDominusait
843 4468 1005 4541 inlivange-
1059 4470 1105 4527 bis
1116 4467 1410 4535 didicerit,nihilesse
1422 4468 1591 4540 omnequod
1601 4471 1894 4526 terrenumettrans-

178 4549 237 4607 lio:
260 4571 274 4601 a
285 4551 348 4606 Non
365 4551 460 4608 omnis
474 4551 524 4625 qui
539 4553 611 4608 dicit
625 4553 708 4620 mibi,
725 4553 856 4623 Domine,
873 4555 1004 4625 Domine,
1021 4578 1044 4643 p
1060 4558 1179 4616 itorium
1191 4563 1244 4627 est,
1257 4556 1339 4630 quasi
1351 4558 1452 4615 lesum
1464 4557 1645 4614 Nazarenum
1658 4559 1783 4614 transire
1794 4561 1893 4617 audit.

180 4637 301 4693 intrabit
311 4637 341 4692 in
353 4646 475 4712 regnum
486 4637 624 4696 colorum
639 4641 743 4700 flfuttb.
759 4646 819 4706 vn).
834 4665 848 4693 o
863 4645 911 4700 lit:
929 4667 943 4695 «
955 4645 1005 4702 Pc-
1060 4647 1134 4712 Quid
1150 4663 1235 4720 agere
1250 4646 1363 4716 debeat,
1378 4647 1402 4704 si
1417 4645 1517 4703 lumen
1528 4646 1624 4703 cordis
1635 4645 1764 4720 recipcre
1777 4647 1897 4706 deside-

180 4724 269 4799 pulus
279 4723 327 4781 hie
342 4723 483 4784 labiisme
494 4727 628 4795 honorat,
642 4745 691 4785 cor
701 4733 799 4787 autem
809 4749 909 4788 eorum
921 4733 1006 4808 longe
1062 4739 1116 4806 rat,
1128 4751 1221 4791 cacus
1232 4751 1285 4792 suo
1301 4734 1432 4808 exemplo
1444 4735 1581 4803 ostendit,
1598 4751 1665 4790 oum
1682 4733 1828 4804 clamavit,
1846 4737 1894 4792 di-

179 4816 225 4870 est
239 4830 256 4869 a
271 4830 318 4870 me
333 4815 398 4878 (lec.
415 4833 495 4884 xxrx3
507 4821 593 4874 llere.
609 4819 669 4882 vn).
686 4839 700 4869 n
717 4818 823 4876 Vident
838 4825 866 4877 et
881 4839 1007 4896 sequun—
1060 4842 1143 4881 cens:
1164 4824 1256 4880 «lese
1275 4822 1429 4894 tlliDavid,
1442 4823 1660 4881 misereremei.
1674 4846 1688 4876 n
1700 4824 1895 4883 Caecuseniru

179 4905 237 4970 tur,
249 4900 338 4966 veluti
350 4904 556 4977 perfectissimi
567 4905 737 4976 Christiani,
749 4907 798 4982 qui
807 4913 836 4965 et
845 4909 937 4966 Deum
948 4927 1007 4968 cre·
1060 4914 1096 4970 ad
1110 4913 1265 4970 Dominum
1283 4911 1400 4982 clamet,
1418 4912 1536 4985 quando
1546 4915 1681 4986 peccator
1693 4929 1746 4984 pro
1761 4915 1894 4986 peccatis

180 4989 264 5056 dunt,
282 4993 311 5045 et
326 4990 436 5048 bonum
451 4994 529 5066 quod
549 4993 727 5069 intelligunt,
744 5013 831 5069 opere
846 4998 1004 5072 complent.
1061 5002 1123 5060 suis
1139 5002 1252 5058 veniam
1277 5005 1390 5074 petens,
1414 4999 1567 5058 humiliter
1583 4999 1763 5073 ingemiscit,
1789 5001 1894 5059 diceus

181 5074 263 5132 Unde
295 5078 444 5150 apostolus
477 5081 585 5140 Paulus
613 5083 701 5142 dicit:
732 5087 850 5143 uCordc
879 5089 1007 5144 creditur
1061 5107 1127 5146 cum
1150 5089 1343 5163 Prophetu:«
1362 5088 1504 5152 Quoniam
1521 5088 1707 5162 iniquitatem
1723 5105 1819 5145 meam
1835 5107 1893 5164 ego

180 5162 387 5240 adjustitiam,
412 5185 461 5224 ore
486 5175 584 5227 autem
604 5173 746 5230 confessio
762 5175 794 5230 tlt
818 5177 854 5232 ad
879 5177 1003 5232 salutern
1060 5195 1213 5252 cognosco,
1225 5183 1253 5234 et
1263 5181 1414 5251 peccatum
1427 5190 1525 5246 meum
1537 5181 1638 5234 contra
1650 5194 1696 5232 me
1707 5181 1892 5251 estsempcr.

182 5253 270 5324 (Rom.
287 5255 325 5322 x),
339 5275 352 5303 u
369 5273 443 5328 quos
455 5257 605 5330 apostolus
616 5260 718 5319 Petrus
729 5263 874 5335 hortatur,
887 5265 1003 5322 dicens:
1059 5269 1123 5324 Tibi
1139 5269 1192 5324 soli
1209 5267 1333 5340 peccavi,
1346 5270 1374 5321 et
1388 5265 1498 5322 melum
1510 5283 1607 5322 ceram
1619 5271 1647 5322 te
1658 5265 1712 5324 ieci
1726 5267 1814 5340 (Prot.
1831 5271 1891 5340 al.»

183 5361 197 5390 «
213 5339 346 5399 Christus
361 5361 466 5416 passus
481 5350 526 5401 eat
547 5363 598 5418 pro
623 5351 717 5420 nobis,
741 5353 822 5409 vobis
838 5353 1007 5427 relinquens
1061 5357 1116 5413 Sed
1133 5356 1202 5431 quia
1213 5354 1357 5412 immundi
1369 5354 1489 5428 spiritus
1499 5360 1679 5412 cortracum
1695 5371 1783 5428 quem
1795 5357 1894 5413 redire

181 5428 358 5502 exemplum,
372 5435 404 5488 ut
419 5433 582 5504 sequamini
594 5437 715 5512 vestigia
730 5441 794 5512 ejus
811 5445 833 5506 tl
846 5449 919 5499 Pctr.
938 5444 977 5505 n).
991 5465 1005 5492 »
1061 5447 1097 5502 ad
1117 5447 1230 5502 veniam
1255 5445 1391 5512 viderint,
1414 5448 1606 5518 consurgunt,
1630 5449 1708 5500 recte
1731 5445 1891 5517 subditur:

182 5539 197 5568 “
213 5515 249 5573 El
263 5520 359 5576 ⁰fflnf⁸
376 5521 467 5594 plebs,
480 5519 602 5590 ntvidit,
615 5525 820 5586 ‹ledtttaucem
832 5531 899 5588 Dec.
912 5555 925 5582 u
943 5533 1005 5588 Non
1062 5559 1075 5584 a
1089 5538 1121 5590 et
1147 5535 1196 5608 qui
1222 5531 1372 5606 preibant,
1390 5533 1581 5606 increpabant
1595 5549 1663 5591 eum
1690 5537 1723 5590 ut
1738 5538 1856 5592 taceret.
1875 5559 1893 5587 n

182 5605 278 5666 solum
295 5612 391 5667 antem
417 5612 453 5668 de
468 5610 610 5668 miraculo
635 5617 711 5686 quod
728 5619 882 5690 acciderat,
906 5639 1005 5678 venitm
1062 5614 1270 5680 praetereuntes
1285 5638 1353 5694 crgo
1378 5638 1451 5678 raeco
1471 5622 1622 5680 silentium
1648 5622 1799 5696 imponere
1814 5621 1895 5694 vole-
