3930 6172
201 265 321 372 ιε’
472 302 675 366 riaruoms
700 297 1117 368 rreuuausrnrurtea.
1140 303 1226 364 err.
1249 303 1363 366 ries.
1388 305 1626 370 u-nouu.
1812 315 1860 376 ιιι
1931 255 1932 268 .

201 458 219 498 s
234 437 355 497 Domino
372 435 495 494 canibus
505 439 582 494 esset
596 432 1027 510 comparataipaadcschumi-
1039 433 1071 508 A
1085 433 1127 492 ria
1143 435 1306 507 mortificet,
1315 437 1479 498 voluntates
1492 439 1622 514 proprias
1635 441 1861 517 lraagatjq'uuiie.

201 529 260 586 iius
275 526 415 609 sentiens,
432 521 545 614 catellis
559 541 590 582 se
606 525 776 598 coequavit.
792 523 945 582 Imitemur
958 539 1026 597 crgo
1083 522 1622 600 vigiliis,eleemosynisrtorationihus
1633 531 1774 599 insistetet
1781 535 1864 592 tandiu

201 615 386 675 etaorhane
402 613 645 688 mulieremque
660 614 756 688 prima
771 611 1029 693 degentibusere·
1081 610 1112 668 in
1134 630 1218 686 proce
1241 618 1412 688 perseueret,
1438 619 1627 691 quoadusque
1650 636 1666 675 a
1684 619 1792 677 Domino
1811 639 1863 680 rum

201 705 296 762 dendo
313 707 407 762 mator
422 705 521 760 nostra
536 701 566 761 in
582 703 638 760 aee
652 701 754 760 edocta
769 707 823 772 est,
840 701 889 774 qui
905 719 939 758 ex
955 717 1027 774 gen·
1083 699 1204 760 muliere
1219 703 1385 761 coenares
1400 704 1502 764 audire
1528 711 1689 764 mereatur:
1706 731 1719 760 ι
1732 709 1822 784 blegne
1831 717 1865 768 est
1931 759 1932 768 ,

200 792 464 852 tilitatevenlmua
481 791 760 860 decemremem,
778 795 916 848 utunum
934 789 1027 846 Deum
1082 790 1299 858 fldesiua,ssat
1323 792 1376 849 tihi
1402 793 1479 851 sicut
1504 795 1658 852 risuscd
1679 797 1744 853 illud
1765 806 1866 856 nonest
1931 813 1932 822 ¹

200 884 363 951 eredentes,
375 881 520 958 quidquid
531 882 613 954 justo
625 881 662 937 ab
677 897 710 937 eo
724 879 863 952 petimus,
872 895 925 938 nos
937 879 1028 954 impe·
1081 879 1458 956 pretermittendumquod
1468 883 1574 942 mulier
1584 884 1643 940 haec
1653 901 1700 958 pro
1711 885 1764 942 filie
1773 903 1864 960 rogans,
1931 871 1932 916 l

200 977 278 1028 trare
303 988 390 1046 posse
411 969 575 1038 credamus,
593 971 675 1042 juxta
698 967 923 1042 promissionem
947 967 1026 1027 illius
1081 967 1183 1039 quinto
1212 969 1326 1028 decimo
1356 971 1495 1030 miraculo
1523 973 1721 1031 introducitur.
1747 975 1867 1034 Numerus

200 1058 324 1118 dicentis
337 1077 343 1116 :
354 1083 368 1111 ιι
380 1063 471 1116 Amen
487 1059 552 1118 dico
563 1057 655 1129 vohis,
668 1058 811 1136 quidquid
826 1063 942 1114 orantes
957 1056 1028 1130 peti·
1081 1055 1159 1115 euim
1173 1057 1228 1115 istc
1242 1062 1435 1118 sacramentis
1450 1062 1583 1119 Ecclesia
1594 1061 1705 1132 arridet,
1713 1069 1865 1137 proptermr·

199 1147 365 1217 haeredita
381 1149 450 1221 quia
465 1147 625 1220 accipietis,
635 1152 663 1204 et
678 1148 726 1203 sict
741 1146 823 1204 vohis
834 1147 931 1220 (llere.
942 1151 979 1214 ιι)
989 1163 997 1215 ;
1009 1166 1024 1196 a
1080 1146 1201 1204 sterium
1224 1147 1417 1209 hebdomadis
1437 1155 1466 1208 et
1480 1152 1619 1225 ogdoadis
1635 1168 1641 1208 :
1658 1157 1762 1210 mactet
1774 1169 1827 1208 vero
1838 1169 1864 1208 cr

199 1237 348 1294 etiterum
366 1254 372 1294 :
389 1261 403 1287 ιι
420 1235 450 1292 Si
466 1235 628 1294 habueritis
652 1236 740 1292 tidem
756 1235 832 1293 sicut
845 1252 970 1310 granum
986 1234 1025 1292 si·
1080 1241 1191 1310 septem
1207 1241 1236 1294 et
1251 1243 1324 1302 octo.
1341 1238 1413 1296 Nam
1431 1244 1534 1312 quarto
1549 1239 1660 1298 decimo
1672 1239 1715 1296 die
1726 1245 1866 1314 postegrea·

198 1325 292 1399 napis,
303 1324 437 1384 diceretis
447 1325 515 1382 huic
527 1326 621 1384 monti
632 1343 638 1381 :
649 1323 753 1382 Transi
764 1324 843 1392 hine,
853 1329 881 1380 et
890 1323 1026 1384 transiret
1080 1325 1190 1382 sionem
1208 1325 1242 1382 dc
1253 1327 1385 1400 AEgypto,
1398 1327 1522 1402 pepuius
1535 1327 1707 1386 israeliticus
1719 1328 1866 1400 Paschajue
1931 1385 1932 1396 p

197 1415 307 1485 (uertit.
323 1415 403 1488 xvir).
423 1439 437 1466 u
456 1447 486 1458 -
504 1439 516 1466 ιι
534 1415 638 1474 iustus
659 1414 736 1470 enim
754 1413 797 1487 (ut
811 1411 852 1469 ait
865 1412 1025 1485 Scriptura)
1079 1431 1131 1471 sus
1146 1419 1190 1472 est
1205 1414 1360 1472 celebrare.
1377 1416 1549 1481 Quindecim
1575 1417 1684 1473 cantica
1707 1417 1831 1490 graduum
1843 1415 1865 1472 ia
1931 1441 1932 1494 p

197 1521 232 1560 ex
247 1503 396 1572 ilderivit,
408 1511 436 1560 et
452 1503 515 1558 sine
527 1504 583 1558 tide
597 1501 778 1576 impossibile
789 1505 834 1560 est
844 1500 957 1575 placere
970 1501 1024 1558 Deo
1078 1502 1216 1577 psalterio
1232 1503 1369 1580 legimus,
1382 1523 1445 1579 quac
1461 1507 1577 1562 suntab
1589 1528 1603 1556 ιι
1614 1506 1655 1562 Ad
1669 1503 1805 1562 hominum
1815 1521 1866 1560 curu
1931 1569 1932 1576 ἵ

198 1593 308 1668 (llatae.
326 1611 356 1662 u,
375 1593 458 1650 tiebr.
475 1596 524 1662 ιιι).
544 1615 558 1642 ιι
575 1591 741 1648 Habeamus
765 1588 970 1658 constantiam,
994 1593 1026 1646 ut
1079 1591 1234 1654 tribularer
1250 1595 1335 1666 (Prot.
1351 1594 1436 1666 cxix),
1455 1617 1468 1644 ιι
1487 1612 1579 1668 usque
1595 1617 1609 1646 ιι
1626 1596 1694 1660 Ecce
1709 1609 1778 1650 nuuc
1798 1593 1867 1648 bene·
1931 1609 1932 1672 p

197 1681 221 1740 si
238 1681 337 1740 divina
351 1680 532 1756 dispensatio
547 1696 648 1753 preces
673 1683 787 1738 nostras
807 1679 922 1740 tardius
937 1695 1025 1736 exau·
1078 1680 1167 1738 dicite
1188 1679 1345 1738 Dominum
1372 1683 1458 1756 (Paul.
1474 1684 1600 1756 cxxxur).
1618 1705 1632 1733 ιι
1648 1681 1803 1751 Quindecim
1816 1681 1868 1736 anni
1931 1673 1932 1756 l

196 1769 293 1839 dierit,
304 1768 406 1828 tandiu
423 1785 523 1842 preces
538 1768 674 1840 precibus
685 1768 859 1842 jungamus,
872 1785 1025 1844 quousque
1039 1769 1219 1896 *iezechias
1233 1771 1269 1827 ad
1282 1771 1371 1830 vitam
1387 1776 1457 1829 sunt
1468 1770 1776 1844 adjunctiouindceim
1788 1770 1870 1824 dicbus
1931 1759 1932 1832 l

197 1859 252 1918 hoc
276 1859 357 1932 quod
375 1855 503 1930 petimus
525 1855 726 1931 impetremus,
751 1857 881 1916 dicentes
907 1856 930 1914 ei
956 1873 1022 1914 cum
1079 1858 1186 1915 Paulus
1202 1876 1267 1915 cum
1294 1859 1377 1916 Petro
1396 1878 1427 1916 se
1443 1861 1587 1921 mansisse
1602 1863 1731 1928 testatur,
1745 1858 1871 1920 conferens
1931 1891 1932 1926 q

197 1947 372 2010 Psalmista:
388 1969 402 1997 «
420 1944 517 2022 Dirige
532 1963 579 2004 me
594 1945 754 2004 inveritate
768 1950 821 2005 tua
835 1949 864 2004 et
879 1947 949 2004 doce
965 1961 1022 2016 me,
1078 1947 1266 2020 Evangelium
1288 1949 1367 2022 quod
1393 1949 1606 2021 predicaturus
1620 1955 1681 2006 erat
1701 1947 1831 2029 gentihus.
1843 1961 1870 2000 ue
1931 1943 1932 2032 l

198 2036 268 2109 quia
283 2040 313 2092 tu
328 2053 360 2094 es
375 2033 453 2094 Deus
468 2033 601 2094 Salvator
616 2053 710 2102 meus,
726 2041 754 2092 ct
770 2041 796 2094 te
812 2035 939 2095 sustinui
963 2039 1024 2092 tota
1078 2037 1150 2094 torte
1165 2036 1194 2092 in
1210 2054 1335 2094 vacuum
1350 2043 1480 2096 curreret
1503 2043 1554 2096 aut
1578 2039 1760 2106 cucurrisset.
1778 2041 1870 2109 Septem
1931 2035 1932 2096 l

198 2123 244 2182 die
260 2125 344 2199 (Paul.
360 2129 449 2194 xxiv).
461 2147 476 2188 »t
493 2125 576 2184 Sicut
588 2125 667 2183 euim
679 2125 889 2198 paterfamilias
902 2125 1021 2193 dormit,
1077 2143 1145 2200 ergo
1162 2126 1198 2182 ad
1214 2126 1292 2183 dona
1305 2132 1416 2199 septem
1428 2126 1557 2200 Spiritus
1568 2127 1660 2186 saneti
1672 2127 1872 2200 pcrtinentocto

197 2217 225 2269 et
239 2217 337 2270 tumen
354 2213 378 2270 sl
394 2213 504 2270 nostris
519 2214 657 2286 precibus
671 2215 814 2270 excitatus
828 2214 1021 2287 responderit,
1077 2214 1112 2270 ad
1124 2213 1376 2271 resurrectionem.
1386 2215 1498 2288 thuia
1508 2215 1691 2288 ecclcsiaper
1700 2215 1870 2288 septilormem

197 2299 287 2359 nolite
300 2301 369 2360 nihi
380 2302 494 2363 molesti
503 2302 644 2374 cocejum
656 2302 763 2360 ostium
776 2319 874 2360 mcum
887 2302 1021 2360 clausum
1076 2301 1199 2378 gratiam
1216 2303 1344 2376 Spiritus
1358 2303 1452 2361 sancti
1466 2303 1643 2372 illuminate,
1660 2303 1760 2372 didicit
1769 2315 1872 2360 recurre

196 2395 252 2462 eat,
262 2393 291 2448 et
302 2389 384 2466 pueri
396 2391 453 2449 mei
464 2407 579 2448 mecum
591 2395 660 2450 sunt
674 2391 706 2454 iu
716 2391 815 2461 cubili,
827 2409 885 2448 non
900 2407 1022 2465 possum
1076 2392 1203 2448 ctionem
1218 2393 1345 2458 eredere,
1359 2409 1475 2466 sperare
1490 2401 1518 2450 et
1533 2397 1722 2462 amare,recte
1735 2390 1872 2466 quintode·

195 2496 315 2554 surgere
330 2483 358 2537 et
374 2479 443 2538 dare
457 2479 539 2536 robis
554 2481 629 2548 (Luc.
646 2481 685 2552 ιιι)
701 2478 745 2536 :si
760 2486 858 2536 tamen
874 2478 1023 2538 instantis·
1076 2481 1152 2538 rimo
1168 2480 1231 2538 loco
1246 2499 1297 2554 pro
1312 2479 1373 2538 filie
1387 2486 1525 2554 rogatura
1544 2482 1746 2540 introducitur.
1769 2481 1799 2536 iit
1818 2478 1873 2552 quia

195 2568 269 2628 sime
285 2586 338 2626 nos
353 2567 610 2642 rideritpetentes,
624 2573 652 2625 et
662 2569 685 2625 si
697 2585 754 2626 uon
771 2567 884 2624 dederit
897 2583 1021 2640 surgens
1077 2569 1365 2628 Ecclesiazelodirini
1375 2568 1871 2645 amorisaecrnsa,praesentandum

194 2672 227 2717 eo
243 2656 320 2732 quod
336 2655 449 2716 amicus
466 2661 565 2714 noster
576 2657 624 2722 sit,
634 2661 753 2730 propter
768 2657 1020 2731 importunitatem
1076 2659 1179 2716 didicit
1192 2663 1378 2715 contemnere
1393 2663 1422 2716 et
1437 2661 1576 2716 obruam
1592 2659 1721 2734 diligere,
1735 2663 1803 2714 recte
1815 2656 1873 2712 Cha·

193 2749 292 2804 tamcu
308 2750 417 2822 surget,
430 2746 551 2804 etdahit
567 2747 651 2802 nohis
663 2749 806 2820 quotquot
819 2744 1021 2804 habemusne·
1075 2765 1178 2804 uanam
1192 2747 1308 2804 dicitur.
1324 2746 1424 2804 Charra
1448 2747 1556 2822 quippe
1578 2749 1660 2810 zelus
1685 2749 1873 2819 iuterpretatur.

193 2833 346 2893 caesaries.
355 2834 573 2894 Juheturenim
585 2835 613 2890 in
626 2851 709 2908 preco
720 2835 887 2908 persistere,
898 2833 948 2906 qui
960 2833 1024 2900 vult,

192 2923 333 3000 accipere,
349 2940 443 2998 usquc
459 2925 495 3003 qd
520 2939 612 2982 cornu
629 2923 743 2992 altaris,
756 2922 786 2980 id
805 2927 860 2992 est,
876 2925 1021 2996 usquead
1341 2935 1495 2994 fl0M1L1A
1513 2936 1634 2994 xxxvl,

193 3013 291 3080 iidem,
307 3011 423 3082 dicente
437 3011 616 3071 Psalmista:
635 3035 649 3064 ι
673 3011 846 3070 Constituite
869 3013 947 3070 diem
971 3029 1021 3069 so·
1226 3061 1309 3100 mm
1328 3061 1457 3100 smum
1477 3061 1546 3100 POST
1567 3045 1754 3102 pompm-m
1931 3023 1932 3094 t

191 3099 334 3170 lemnam,
344 3099 373 3156 in
385 3101 644 3183 condensisusquc
660 3100 696 3158 ad
712 3117 802 3158 cornu
817 3099 919 3160 altaris
933 3102 1019 3171 (Paul.
1402 3089 1406 3099 ’
1931 3095 1932 3178 l

191 3191 289 3262 cxvii).
306 3212 321 3242 ιι
337 3191 371 3248 ttt
387 3188 411 3248 ai
426 3190 462 3248 ad
479 3189 697 3266 impetrandum
722 3193 800 3265 quod
823 3194 950 3266 petimus
966 3209 1019 3252 nos
1034 3175 1062 3242 G·
1110 3197 1206 3267 (loen.
1221 3197 1293 3267 viu).
1312 3219 1326 3248 ιι
1342 3195 1374 3253 ln
1391 3195 1440 3253 illo
1455 3201 1595 3270 tempore,
1615 3197 1688 3254 dixit
1700 3198 1782 3256 iesus
1796 3192 1874 3251 turbis
1931 3223 1932 3274 p

190 3279 310 3338 idoneos
324 3296 389 3340 csse
413 3296 473 3338 uon
498 3279 653 3348 scutimus,
671 3280 867 3356 spiritualium
893 3282 1016 3338 fratrum
1071 3286 1281 3342 caedrorum:
1295 3285 1722 3360 Egovadc,etquaeretisme,»
1733 3284 1871 3354 etreliqua·

191 3368 337 3450 orationes
352 3365 388 3424 ad
404 3367 582 3439 adjutorium
605 3385 782 3444 quaeramus,
807 3375 838 3425 ut
861 3367 937 3426 sieut
959 3369 1017 3425 ista
1070 3399 1084 3426 ι
1102 3375 1161 3448 Sgo
1175 3373 1259 3442 vodo,
1276 3395 1291 3423 »
1305 3373 1411 3446 inquit,
1427 3395 1442 3425 ιι
1455 3377 1484 3431 et
1498 3373 1636 3448 qureretis
1650 3389 1706 3446 mc,
1719 3390 1796 3434 »nou
1810 3369 1872 3427 desi·

191 3453 309 3522 mulier,
323 3454 465 3527 apostolis
480 3471 531 3528 pro
547 3471 578 3512 se
595 3455 866 3524 interuenientibus,
877 3459 954 3530 quod
970 3474 1017 3532 pe-
1070 3463 1160 3532 derio,
1172 3463 1223 3520 sed
1238 3460 1316 3534 odic,
1337 3461 1410 3517 Nam
1429 3460 1524 3530 illum,
1543 3467 1734 3536 posteaquam
1752 3457 1873 3518 abscessit

191 3541 271 3605 tebet
285 3541 457 3614 promeruit,
466 3543 507 3604 ita
521 3559 574 3600 uos
590 3545 797 3626 eopununihus
811 3545 948 3618 precihus
959 3563 1017 3603 ma·
1070 3551 1108 3608 ab
1119 3550 1385 3618 oculiahominum,
1397 3549 1606 3623 inquisier..ut,
1619 3557 1647 3608 et
1659 3553 1709 3626 qui
1724 3552 1841 3616 oderant,
1851 3549 1874 3604 et

190 3628 236 3703 gis
242 3645 330 3702 quam
339 3629 464 3704 propriis
472 3631 844 3705 etsiogularibusadjururi
851 3635 1016 3692 credamus.
1071 3640 1119 3714 qui
1131 3639 1270 3696 amabant
1279 3655 1286 3695 :
1296 3637 1336 3694 illi
1347 3637 1616 3712 persequendo,isti
1624 3637 1873 3712 baberecupieado.

189 3717 358 3776 Habeamus
381 3715 593 3786 humilitatem,
610 3723 643 3776 ut
668 3718 734 3776 uliis
757 3721 792 3778 de
807 3722 893 3779 nobis
906 3723 1018 3794 maiora
1071 3729 1184 3784 Bonum
1199 3731 1245 3784 cst
1256 3727 1387 3802 animam
1401 3727 1509 3784 Christi
1525 3744 1666 3800 quaerere,
1679 3729 1729 3786 sed
1747 3723 1874 3804 quomodo

189 3803 439 3878 existimantibus,
450 3823 503 3885 nqs
513 3805 875 3880 minimosjudicemus,ia
886 3809 1017 3884 exemplo
1070 3831 1136 3874 eam
1150 3813 1287 3888 discipuli
1302 3813 1500 3888 quesierunt:
1517 3819 1546 3872 et
1561 3815 1674 3874 malum
1690 3831 1811 3890 quarere
1824 3812 1875 3869 aui·

190 3892 280 3965 hujus
296 3890 429 3953 mulieris
440 3893 654 3964 chananitidis,
664 3895 1018 3969 quaadomiuocauihua
1071 3919 1150 3962 mam
1165 3902 1343 3970 Christi,eed
1353 3903 1500 3976 quomodo
1510 3919 1575 3960 eam
1589 3902 1684 3963 iudaei
1696 3903 1875 3978 ¹quesierunt:

189 3986 369 4053 comparata,
379 3979 444 4054 ipsa
458 3998 490 4039 se
504 3980 617 4038 catellis
633 3985 821 4058 comparavit.
831 3987 911 4047 llaec
923 3987 1017 4046 humi·
1070 3991 1124 4061 illi,
1138 4007 1206 4049 eum
1221 3995 1254 4048 ut
1268 3991 1427 4059 haberent;
1444 3989 1505 4056 isti,
1521 3995 1554 4047 ut
1576 3993 1742 4063 perderent.
1764 3990 1878 4060 benique

189 4065 301 4128 litatem
317 4069 444 4128 habehat
458 4071 487 4128 in
502 4071 598 4140 eorde,
609 4071 662 4145 qui
677 4072 830 4150 despectus
844 4075 882 4132 ah
897 4075 1017 4134 aliiadi-
1070 4079 1202 4154 isti,quia
1214 4079 1256 4138 sie
1266 4079 1436 4152 querebant
1445 4079 1523 4136 mori
1530 4078 1608 4136 malo
1616 4082 1704 4138 corde
1711 4085 1740 4142 et
1749 4091 1877 4152 peruersa,

189 4157 296 4216 cahat:
314 4158 499 4220 «tenenat
516 4158 601 4218 vilior
624 4159 694 4218 iiam
717 4161 785 4234 plus
807 4179 896 4236 quam
922 4165 1016 4222 iactus
1070 4169 1148 4242 quod
1172 4167 1280 4226 secutis
1301 4167 1458 4239 adjunxit:
1476 4189 1491 4220 ιι
1515 4169 1658 4234 Quereris
1682 4164 1752 4226 met
1771 4191 1785 4218 ιι
1799 4167 1829 4222 et
1849 4179 1879 4218 ne

188 4261 268 4313 sum,
293 4247 322 4303 et
344 4262 395 4304 cro
418 4245 541 4306 humilis
561 4246 592 4305 iu
607 4247 700 4306 oculis
716 4249 790 4308 meis
805 4251 843 4325 (ll
856 4252 919 4322 lice.
934 4256 984 4324 vr).
1001 4275 1016 4306 ι»
1069 4255 1178 4330 putetis
1193 4254 1263 4330 quia
1277 4255 1351 4314 heae
1366 4271 1413 4312 me
1427 4255 1572 4328 quaeretis.

187 4333 260 4390 ltine
275 4333 383 4394 atenim
407 4334 527 4410 sapiens
543 4335 636 4394 dixit:
654 4360 668 4390 ιι
685 4339 799 4406 Quanto
822 4355 948 4414 maguus
972 4358 1015 4410 es,
1105 4368 1119 4396 ι
1136 4345 1168 4402 ln
1184 4347 1302 4418 peceato
1316 4347 1412 4402 restro
1427 4343 1605 4401 moriemini.
1622 4367 1637 4396 »
1654 4343 1715 4408 fleo
1729 4347 1773 4400 eat
1787 4358 1794 4397 ε
1809 4337 1878 4398 Chri·

188 4419 314 4482 humilia
329 4427 356 4480 te
371 4423 402 4482 iu
414 4423 562 4493 omnihus,
576 4428 605 4482 ct
618 4441 717 4484 eoram
732 4426 790 4483 Deo
806 4427 937 4486 invenies
950 4445 1016 4502 gra·
1069 4435 1148 4488 stum
1171 4429 1248 4490 male
1263 4447 1402 4504 quarere,
1426 4430 1457 4488 in
1472 4436 1590 4503 peccato
1604 4449 1660 4490 suc
1675 4431 1761 4490 meri.
1776 4431 1807 4487 ln
1820 4442 1878 4505 pec·

188 4507 261 4605 tiam
272 4510 355 4582 (licet.
368 4515 422 4580 ur).
432 4533 447 4564 ι»
457 4512 524 4572 lam
535 4511 671 4586 superius
682 4529 734 4586 per
744 4511 836 4572 filiam
851 4514 1016 4594 hujusmu·
1029 4523 1132 4615 ponte
1147 4534 1201 4575 suo
1217 4519 1351 4584 moritur,
1367 4517 1418 4590 qui
1435 4517 1464 4574 in
1478 4523 1598 4599 peceato
1622 4522 1775 4592 permanet
1799 4528 1879 4586 usque

190 4591 281 4664 heria,
297 4613 539 4672 unamquamque
552 4597 684 4656 animam
700 4602 891 4673 peccatricem
906 4603 1016 4678 signid-
1069 4606 1106 4663 ad
1121 4610 1256 4664 mortem.
1269 4605 1319 4663 lile
1333 4605 1483 4664 Christum
1499 4623 1558 4664 non
1573 4609 1689 4682 querit,
1706 4607 1758 4681 qui
1769 4605 1879 4666 edamur

187 4681 248 4738 euri
263 4681 402 4741 diximus.
419 4685 557 4750 Quamvis
569 4703 622 4744 nec
648 4687 750 4744 anima
774 4689 838 4748 sine
852 4707 949 4764 carue,
965 4710 1018 4752 nec
1071 4693 1176 4751 anima
1191 4710 1251 4750 sua
1265 4709 1317 4766 pcr
1330 4694 1532 4767 penitentiam
1550 4711 1608 4752 uon
1623 4695 1739 4768 querit,
1753 4694 1790 4752 ad
1804 4703 1880 4771 quem

186 4783 254 4826 earo
269 4769 332 4828 aina
346 4771 447 4830 anima
467 4789 587 4847 peccare
610 4773 714 4848 possit,
729 4779 828 4836 ιιιιιιιι
851 4783 922 4836 sunt
936 4797 1014 4852 quae-
1071 4779 1214 4854 Propheta
1228 4775 1358 4840 clamat':
1375 4805 1389 4834 ι
1405 4783 1531 4849 Quarite
1553 4781 1713 4852 Dominum
1728 4783 1797 4840 dum
1812 4779 1881 4836 inre·

187 4855 256 4914 dam
268 4857 338 4916 vitia
352 4876 416 4934 que
431 4859 598 4934 specialiter
612 4861 648 4918 ad
663 4865 936 4937 carnemquadam
948 4883 1015 4925 varo
1070 4869 1126 4926 uiri
1151 4874 1249 4944 potest
1270 4873 1335 4940 (lau.
1351 4869 1418 4940 ux).
1442 4891 1457 4920 e
1482 4869 1567 4928 Modo
1590 4871 1641 4944 qui
1664 4867 1881 4930 misericordam·

187 4942 1015 5026 adanimamperunsrevidenturmunnmquippeffleut
1069 4957 1141 5014 dum
1156 4961 1274 5032 tempus
1288 4957 1376 5014 habet
1398 4975 1457 5014 uon
1477 4959 1591 5030 querit,
1606 4957 1735 5021 inveniet
1753 4973 1818 5016 cum
1831 4953 1881 5008 ira·

186 5025 304 5126 iillum·
330 5033 533 5108 h⁰mlssldl⁰me
555 5035 719 5106 s⁰ffll⁰⁸ll⁰r
740 5036 907 5110 ebrietates,
923 5041 1013 5101 sacri·
1066 5050 1142 5101 tum.
1157 5045 1268 5104 Judais
1283 5045 1373 5103 dixit:
1386 5071 1399 5096 ιι
1412 5046 1443 5102 lu
1455 5052 1574 5120 peccato
1584 5049 1681 5104 restro
1691 5041 1880 5110 moriemimi

186 5112 306 5214 legium,
318 5122 347 5176 et
359 5118 406 5178 hia
421 5121 529 5180 similia
540 5124 576 5180 ad
588 5140 705 5181 earnem
717 5123 881 5198 pertinent:
894 5133 1011 5202 atram,
1067 5131 1138 5206 quia
1153 5135 1324 5209 presciebat
1338 5150 1388 5190 eos
1402 5135 1433 5190 in
1447 5139 1565 5208 peccato
1575 5151 1628 5192 suo
1638 5150 1819 5208 permanere.
1828 5127 1882 5186 Siu-

185 5201 306 5272 rurrdra,
323 5203 377 5272 ira,
393 5209 540 5279 superbia,
556 5210 669 5279 odium,
685 5229 800 5282 rancor,
826 5213 921 5286 dolus,
937 5235 1013 5276 vana
1066 5221 1161 5296 galeri
1177 5222 1250 5280 dixit
1264 5238 1398 5291 numero,
1414 5221 1444 5278 iu
1459 5228 1587 5296 peccato,
1599 5228 1628 5286 et
1642 5221 1761 5296 plurali,
1776 5223 1879 5278 restro:

184 5285 288 5362 gloria,
304 5291 466 5393 simulatic,
481 5299 510 5350 ct
531 5293 578 5354 hia
601 5297 710 5357 similia
733 5300 769 5358 ad
791 5303 932 5364 animam.
947 5305 1012 5364 Sire
1066 5310 1135 5386 quia
1150 5311 1289 5370 omnibus
1304 5309 1373 5380 illis,
1389 5309 1426 5366 ad
1440 5326 1515 5383 quos
1529 5310 1714 5383 loquebatur,
1725 5323 1814 5370 uuam
1825 5318 1882 5362 ease

184 5391 253 5452 argo
267 5393 408 5450 animam,
431 5397 491 5437 erre
516 5399 633 5442 caruem
659 5387 812 5462 contigerit
827 5391 857 5448 in
871 5391 918 5450 his
932 5393 1010 5452 vitiis
1066 5397 1249 5458 voluntatem
1274 5397 1394 5468 sciehat,
1419 5397 1562 5472 equalem
1583 5397 1729 5456 malitiam
1749 5388 1880 5470 perdendi

184 5467 434 5564 0⁰¹J²m⁸⁰¹¹l⁸rl2⁸
448 5467 557 5528 fluibus
572 5473 635 5533 suia
650 5475 825 5548 egrediatur,
836 5479 865 5536 id
880 5487 926 5539 est
939 5500 1009 5557 pra·
1063 5502 1143 5554 enm,
1160 5485 1209 5560 qui
1226 5487 1337 5544 sabare
1352 5503 1403 5544 ecs
1421 5491 1549 5548 venerat.
1565 5487 1627 5545 Alio
1640 5503 1710 5545 vero
1724 5485 1788 5546 loco
1800 5477 1882 5543 disci-

183 5553 270 5616 tenu
284 5559 402 5632 peccata
417 5557 586 5620 damnando
601 5567 767 5640 postponat.
783 5570 879 5630 caruis
894 5571 1007 5632 deside·
1063 5575 1142 5654 palis
1158 5575 1253 5636 dixit:
1272 5595 1283 5628 ι
1299 5578 1361 5646 Quo
1376 5591 1430 5652 ego
1443 5575 1527 5648 vado,
1543 5593 1595 5635 ros
1615 5592 1674 5636 eon
1700 5575 1823 5652 potestis
1838 5584 1881 5628 re·
