4034 6180
645 341 697 405 ult
718 341 811 406 vt'tt
833 341 885 405 ΕΤ
906 339 1118 406 bllllrtCUIrlS
1141 344 1162 406 S
1183 341 1422 410 wlttultaul.

507 473 623 534 CAPUT
641 475 675 532 V.

339 583 402 639 Atia
416 590 517 656 reptem
535 583 685 644 willebadi
697 584 844 641 miracala.

214 690 361 747 Ceterum
376 689 412 746 de
426 690 536 746 sturmi
551 707 586 748 ex
600 688 671 747 ville
693 690 798 760 birine,
814 690 948 765 quadam
965 691 1006 746 se·

177 777 270 852 mina,
285 776 427 836 vocabulo
443 778 586 848 Gerewid,
597 777 757 836 cecitatem
773 777 865 836 multo
875 782 1006 852 tempore

56 895 64 911 ·
177 885 276 943 passa,
293 867 323 924 in
339 867 441 926 eodem
456 867 519 925 loco
533 866 639 941 posita,
654 867 766 926 lumine
776 872 821 926 cst
836 867 948 942 privato
958 868 1008 925 do·

177 961 258 1016 nata.

213 1044 356 1103 similiter
370 1061 486 1118 quoque
494 1045 529 1102 de
537 1045 698 1119 stenthorpe
705 1045 771 1121 pagi
782 1047 827 1119 Π..
836 1044 922 1121 pago]
931 1061 1008 1119 qua·

178 1137 247 1194 dam
264 1135 375 1193 femina
388 1132 500 1192 diutius
515 1151 600 1201 ceca,
616 1135 688 1192 dnm
709 1135 834 1193 orationi
849 1134 1005 1192 decumbe·

178 1228 233 1294 ret,
249 1223 409 1282 auxiliante
422 1223 506 1280 beato
518 1222 580 1281 viro
594 1223 717 1282 luminis
736 1228 781 1283 est
799 1229 900 1281 curata
913 1241 1006 1282 reme·

180 1315 240 1371 dio.

216 1401 349 1474 Denique
363 1417 397 1458 ex
411 1400 520 1470 Freeia,
530 1402 566 1459 de
575 1400 645 1458 villa
654 1402 812 1472 vestanko,
826 1402 946 1474 quidam
957 1418 1009 1458 ce·

180 1509 234 1550 ous
249 1491 294 1547 vir
309 1488 477 1547 Mainradus
492 1507 525 1548 eo
546 1490 715 1559 adveniens,
732 1507 859 1565 superna
875 1491 1007 1548 illustra-

178 1585 230 1648 tus
244 1577 350 1653 gratia,
367 1577 489 1636 luminis
504 1578 612 1652 recepit
626 1579 765 1636 cilicium.

215 1673 255 1724 De
271 1667 355 1726 Laris
369 1684 403 1724 ex
417 1665 487 1724 villa
503 1667 745 1726 Hattloreimcad
759 1668 888 1740 nomino,
904 1685 1007 1726 novem

181 1757 268 1816 annis
282 1763 397 1822 cacata,
414 1756 594 1814 sanctissimi
608 1756 661 1812 viri
677 1757 813 1830 precibus
828 1757 914 1832 longe
926 1762 1007 1831 opta-

180 1853 241 1904 tam
256 1846 298 1902 ibi
313 1846 441 1918 recipere
455 1845 578 1904 visionis
593 1846 755 1920 promeruit
770 1847 906 1922 gratiam.

217 1937 261 1993 lix
272 1933 434 2008 wigmodis
449 1938 558 2005 autem,
575 1933 695 1992 devilia
714 1935 1007 2009 ididlistuasadarurll,

183 2024 306 2099 quidam
318 2022 416 2092 bomo,
433 2039 523 2080 manu
543 2023 644 2081 multis
666 2025 827 2080 admodum
843 2029 1010 2083 contractus

181 2112 280 2181 annis,
295 2111 403 2170 ibidem
420 2112 542 2170 Domino
558 2112 703 2170 tribuente
719 2113 875 2172 incolumis
889 2118 935 2170 est
948 2115 1010 2171 red·

182 2203 275 2259 ditus.

217 2291 291 2348 ltem
308 2291 343 2348 de
357 2290 523 2364 Wigmodis
531 2307 566 2348 ex
578 2291 646 2349 villa
657 2292 1009 2361 Westrietcnbeveriaisaeti,

183 2379 306 2452 semina,
322 2379 517 2453 'thiadgardis
534 2380 663 2453 nomine,
680 2381 830 2450 dinosco,
847 2381 955 2438 ibidem
967 2386 1013 2438 ast

184 2468 362 2526 illuminate.

222 2559 263 2615 De
282 2558 393 2616 Sturmi
414 2575 491 2628 voro,
512 2575 547 2614 ex
569 2557 638 2615 ville
660 2558 772 2630 Etpaoa
788 2559 848 2632 [ol.,
869 2560 1011 2632 Ekynonl,

185 2649 268 2705 Aklro
279 2645 401 2720 quidam
409 2646 627 2719 vocabulo,jam
639 2648 765 2720 quodam
777 2648 806 2704 in
822 2647 941 2706 brachio
952 2649 1013 2705 vul·

187 2740 308 2796 neratus
323 2736 418 2792 suerat
430 2753 436 2791 :
448 2735 495 2791 oui
510 2752 577 2791 oum
589 2733 670 2792 nulla
677 2736 845 2794 subveniret
856 2736 1011 2804 medicina,

186 2825 1011 2898 ermumadomniaopcramultisannisinermemhabuit.

186 2914 239 2983 Qui
256 2913 308 2971 illo
322 2913 452 2984 veniens,
468 2919 497 2971 at
516 2914 630 2972 dierum
655 2931 777 2971 suorum
801 2916 926 2973 otiosam
942 2933 1013 2972 con·

185 3002 384 3078 sumptionem
394 3003 560 3077 deplorans,
570 3001 772 3080 auxiliumque
781 3004 858 3061 beati
867 3003 920 3060 viri
930 3021 1014 3077 expo

185 3093 322 3162 stulans;
339 3109 466 3167 superna
487 3093 615 3148 donante
629 3092 736 3166 gratia,
751 3109 818 3150 oum
841 3092 891 3148 diu
915 3092 1013 3149 dolore

185 3182 298 3240 brachii
313 3185 507 3255 torqueretur,
523 3181 642 3238 tandem
657 3185 779 3237 sanatus
792 3186 956 3255 porrectam
967 3197 1012 3238 ex·

187 3272 281 3330 tendit
292 3271 451 3329 dexteram.
461 3270 516 3326 Pro
528 3271 612 3342 cujus
621 3269 820 3327 incolumitate
831 3287 898 3326 oum
910 3287 1013 3328 omnes

186 3366 244 3418 Deo
259 3359 371 3434 gratias
385 3358 544 3429 retulisset,
557 3357 606 3416 ille
620 3359 743 3414 domum
758 3375 892 3416 reversus
907 3359 1014 3416 tlducia

188 3467 248 3507 sua
262 3451 324 3523 jam
339 3448 477 3506 sanitatis
490 3449 695 3505 admonituset
705 3449 740 3504 de
755 3447 803 3504 Dei
816 3447 1015 3504 misericordia

189 3539 355 3596 certissime
375 3538 516 3606 conlisus,
531 3554 652 3594 uxorem
668 3554 752 3594 suam
767 3553 832 3609 qua
846 3536 939 3593 multo
950 3538 1014 3610 jam

189 3633 321 3701 tempore
330 3626 494 3683 inciecitate
500 3629 712 3698 permanserat,
719 3641 819 3682 secum
830 3625 1015 3698 ipseadenm·

191 3716 259 3770 dem
272 3713 384 3770 reduxit
392 3713 556 3770 ecelesiam.
568 3713 622 3769 Ubi
633 3729 699 3768 oum
712 3731 763 3787 pro
775 3729 913 3770 concesso
924 3729 1016 3771 reme-

195 3803 243 3859 dio
254 3803 299 3858 vir
308 3803 361 3859 lldo
371 3803 583 3870 corroboratus,
592 3800 707 3859 mulieri
719 3801 942 3872 benelloium,et
952 3818 1016 3858 mu·

193 3889 1018 3964 lierquoquevirisuidoctriniaadmonitabominnmsibi

191 3979 342 4036 inhianter
354 3985 486 4053 posceret
499 3979 602 4038 adesse
617 3979 788 4052 propitium,
800 3977 914 4036 caelitus
926 3977 1017 4051 inspr-

191 4069 492 4138 ratalumiue,eubitc
502 4067 788 4140 mulierciarecoepit
798 4071 903 4124 cuncta
911 4067 1017 4125 videre:

190 4156 528 4232 quodstatiminpopulo
537 4154 718 4214 declaratum
727 4171 835 4229 magna
843 4155 910 4213 lidoi
917 4156 1021 4212 tribuit

191 4247 394 4314 incitamenta,
409 4250 438 4302 ct
451 4247 624 4302 cunctorum
640 4244 754 4302 animos
769 4246 806 4301 ad
818 4243 1020 4302 credulitatem

192 4334 299 4392 divina
314 4334 498 4392 confirmavit
520 4333 667 4406 potentia.
692 4333 824 4407 Cumque
849 4351 902 4407 pre
918 4349 1020 4392 eorum

193 4422 289 4480 salute
304 4421 400 4480 clerus
410 4437 443 4479 ec
458 4421 585 4495 populus
596 4425 774 4494 personaret,
787 4421 843 4494 ipsi
855 4423 891 4478 ad
904 4421 1022 4496 propria

194 4511 358 4585 gaudentes
373 4511 490 4580 reversi,
506 4515 587 4568 tanto
601 4509 727 4567 alacrius
747 4514 836 4582 atque
859 4510 1022 4568 studiosius

194 4599 289 4656 labori
311 4603 461 4672 caeperunt
483 4600 628 4670 insistere,
642 4603 753 4672 quanto
777 4614 808 4656 se
827 4599 1025 4657 meminerunt

196 4688 289 4745 otiose
302 4693 440 4746 vacantes
455 4687 517 4746 dies
532 4688 642 4746 multoe
657 4693 743 4746 antea
757 4689 932 4762 perdidisse.

524 4793 641 4853 CAPUT
660 4793 698 4850 Vi

321 4903 385 4960 Atio
399 4903 521 4977 quiaque
535 4901 563 4958 S.
582 4901 740 4960 Wittelrcdi
753 4902 901 4960 miraculo.

233 5007 275 5066 De
291 5010 374 5068 baria
385 5026 503 5085 quoque
513 5014 652 5084 concepta
662 5010 725 5082 jem
737 5009 849 5066 dudum
860 5008 1026 5066 divinacra·

194 5103 304 5156 verunt
318 5098 471 5157 miracula.
488 5099 561 5157 Nam
577 5099 697 5173 quidam
713 5097 889 5171 Bhoudwig,
906 5115 941 5156 cx
959 5096 1029 5154 villa

195 5185 337 5256 Steabile,
346 5187 442 5247 tribus
453 5189 538 5246 annis
549 5193 660 5262 mutus,
670 5205 738 5245 cum
745 5187 816 5244 inibi
826 5187 939 5262 positus
948 5188 1029 5245 auxi·

196 5272 271 5332 lium
288 5276 365 5333 beati
376 5278 430 5335 viri
444 5277 615 5352 imploraret
629 5278 746 5347 tacitus,
757 5277 855 5335 divina
870 5277 1029 5334 miserante

197 5364 305 5439 gratia,
320 5371 421 5441 aperto
444 5385 494 5426 ore
520 5367 617 5426 subito
641 5366 759 5426 Domini
783 5367 870 5440 ooepit
892 5381 1028 5425 enarrare

199 5453 362 5528 magnalia.

236 5541 352 5601 ltemde
362 5545 431 5603 villa
441 5547 593 5622 Rectorellet
605 5545 668 5622 lat,
682 5541 881 5618 Rebrerellet],
894 5543 1028 5617 quadam

199 5631 311 5692 lemine
322 5633 425 5692 multia
437 5635 530 5696 lucrat
542 5634 628 5694 annis
648 5634 750 5692 morbo
765 5632 806 5692 ita
821 5635 979 5702 contracta,
996 5639 1028 5694 ut

1802 360 1881 424 toao

1017 479 1044 545 Α
1059 493 1111 534 nec
1126 477 1155 534 in
1171 477 1243 535 lecto
1259 496 1291 537 ee
1303 479 1334 536 in
1349 480 1471 542 alteram
1487 489 1600 556 partem
1610 488 1721 562 absque
1735 491 1881 564 adjutorio

1060 553 1159 622 posset
1174 566 1298 622 movere,
1313 568 1366 609 nec
1382 551 1472 611 ullius
1488 557 1611 614 membri
1638 559 1736 634 eliqua
1759 580 1882 637 prorsus

1061 641 1268 699 commoditate
1282 643 1436 716 potiretur.
1450 643 1542 709 Quam
1559 663 1624 703 oum
1639 648 1725 706 amici
1736 652 1793 708 fide
1804 653 1882 710 cxci·

1062 727 1113 785 tati
1129 730 1165 786 ad
1181 731 1395 788 contessionem
1420 733 1596 792 deveherent
1618 737 1721 807 sancti,
1737 739 1836 814 ibique
1852 741 1881 797 in

1060 817 1156 874 medio
1165 817 1397 894 positagrabatc,
1406 839 1439 878 ao
1452 822 1477 879 si
1487 823 1738 900 leretrotanqnam
1747 845 1885 902 premor-

1059 908 1111 963 tua
1126 905 1292 978 decubaret,
1308 910 1405 968 subito
1420 928 1492 969 sane
1502 913 1639 985 prosiluit
1653 932 1669 972 e
1683 915 1769 986 lecto,
1785 923 1886 992 etpro-

1060 1011 1202 1068 mmpons
1216 995 1246 1052 in
1273 998 1403 1056 medium
1428 999 1532 1058 laudes
1556 1002 1729 1062 concinebat
1751 1006 1884 1066 Domino.

1060 1083 1190 1156 Nccjam
1206 1101 1313 1144 curans
1327 1088 1443 1162 grabati
1459 1089 1604 1162 presidia,
1621 1091 1651 1148 in
1663 1110 1735 1167 pace
1751 1094 1885 1166 dimissa,

1060 1170 1137 1229 viam
1154 1189 1213 1246 qna
1228 1174 1348 1232 advecta
1359 1177 1463 1246 luerat,
1479 1178 1604 1252 propriis
1619 1181 1771 1254 gressibus
1786 1185 1888 1242 ambu-

1062 1259 1142 1318 labat
1155 1262 1310 1338 intrepida.

1096 1350 1185 1408 Porro
1200 1353 1236 1409 de
1250 1352 1318 1411 villa
1332 1356 1467 1413 borealem
1481 1373 1516 1414 ea
1531 1374 1606 1433 pago
1618 1360 1887 1438 Lobingebo,qure·

1062 1439 1130 1496 dam
1145 1439 1254 1500 lamina
1271 1442 1387 1500 iliberin
1403 1445 1593 1516 [al.,Siberin]
1607 1450 1887 1521 vocata,ouminllr-

1063 1527 1163 1586 mitate
1179 1535 1299 1604 cogente
1308 1534 1447 1590 omnibus
1457 1539 1534 1592 esset
1546 1537 1687 1594 membris
1702 1539 1888 1613 invalida,ita

1063 1623 1095 1674 ut
1110 1617 1182 1674 nibil
1199 1620 1224 1676 ei
1239 1620 1346 1678 virium
1367 1621 1397 1677 in
1421 1624 1539 1697 proprio
1562 1629 1640 1682 esset
1663 1643 1793 1700 corpore,
1810 1628 1887 1686 beati

1062 1705 1116 1808 viri
1131 1707 1244 1765 meritis
1263 1709 1371 1767 ibidem
1393 1712 1548 1770 sanitatem
1571 1715 1676 1788 adepta
1697 1721 1741 1774 ost
1762 1715 1888 1792 integer·

1063 1813 1180 1854 runem.

1024 1851 1049 1919 B
1100 1885 1213 1942 Rursus
1229 1887 1265 1944 de
1280 1888 1362 1945 Laris
1376 1907 1410 1945 cx
1424 1889 1493 1948 villa
1508 1891 1737 1964 Epgrr'lcealrueun,
1754 1896 1888 1969 quedam

1064 1973 1174 2030 femina
1188 1975 1225 2031 ab
1243 1977 1367 2033 inlantia
1388 1977 1429 2034 ita
1452 1981 1602 2040 exstiterat
1627 1999 1742 2052 manca,
1758 1989 1791 2040 ut
1817 1983 1889 2041 nulli

1065 2079 1197 2136 unquam
1212 2066 1278 2121 usui
1294 2067 1387 2138 aptari
1404 2067 1495 2125 altere
1510 2068 1596 2126 luerit
1609 2086 1726 2139 manus,
1742 2089 1807 2146 quta
1822 2089 1889 2130 eum

1064 2151 1094 2206 in
1110 2156 1212 2208 sancto
1228 2154 1322 2226 posita
1337 2153 1400 2212 loco
1415 2155 1558 2214 auxilium
1574 2158 1677 2215 divina
1692 2161 1891 2219 miserationis

1065 2242 1891 2322 eordeposceretintimo,subitosanamenibusplaudens

1065 2329 1425 2404 utrisque,jubiletionem
1439 2338 1495 2391 Deo
1512 2334 1541 2390 in
1556 2352 1623 2393 voce
1639 2338 1779 2395 reddebat
1793 2338 1890 2396 exsul·

1065 2417 1195 2494 tationis.

1102 2509 1158 2566 Sed
1173 2509 1247 2566 etde
1263 2509 1432 2570 biastmcna
1442 2515 1576 2587 quodam
1590 2514 1685 2574 lueret
1695 2517 1801 2576 ancilla
1811 2535 1893 2576 vene·

1067 2598 1149 2654 rundi
1169 2598 1285 2656 comitis
1310 2599 1483 2672 Hirimanni,
1501 2620 1590 2676 quam
1606 2605 1668 2678 ipse
1692 2623 1781 2664 causa
1795 2607 1892 2680 operis

1066 2686 1182 2743 textrini
1199 2688 1228 2743 in
1243 2689 1330 2746 domo
1345 2707 1400 2747 sua
1411 2690 1521 2748 liethas
1536 2709 1603 2748 oum
1619 2693 1685 2750 aliis
1699 2694 1814 2752 ancillis
1828 2712 1892 2754 osse

1067 2780 1251 2849 praeceperat.
1269 2779 1413 2843 Quacum
1430 2778 1537 2836 ibidem
1555 2781 1806 2855 positadominioo
1817 2782 1892 2840 ines·

1067 2870 1113 2923 set
1130 2867 1258 2936 servitio,
1275 2866 1388 2924 occulto
1403 2867 1533 2941 quidem,
1550 2871 1602 2928 sed
1616 2874 1694 2928 recto
1710 2870 1759 2928 Dei
1777 2872 1892 2944 judicio

1068 2954 1141 3014 alias
1156 2973 1238 3021 sena,
1255 2955 1376 3029 loquele
1386 2961 1502 3014 tantum
1515 2962 1560 3016 aet
1569 2958 1726 3016 amissione
1742 2959 1891 3018 damnata.

1068 3047 1211 3112 Quacum
1226 3045 1337 3102 diutius
1352 3045 1487 3104 molestia
1505 3051 1696 3122 premeretur,
1713 3064 1766 3106 nec
1780 3047 1894 3123 aliquid

1068 3151 1189 3207 prorsus
1208 3134 1355 3208 loquendo
1380 3151 1516 3193 resonare
1530 3135 1648 3206 valeret,
1673 3124 1831 3210 predictus
1846 3155 1893 3197 co·

1027 3217 1049 3286 C
1068 3239 1131 3279 mas
1146 3223 1333 3280 miseratione
1344 3224 1460 3281 Domini
1470 3229 1675 3296 compunctus,
1692 3224 1856 3283 libertatem
1867 3227 1894 3284 ei

1068 3327 1120 3384 pro
1136 3310 1240 3366 anima
1256 3328 1315 3368 cua
1326 3311 1431 3368 tribuit
1443 3312 1589 3369 remedio:
1605 3311 1705 3386 sicque
1716 3313 1784 3370 inde
1795 3313 1895 3371 dimis-

1068 3415 1132 3455 sam
1149 3399 1185 3455 ad
1200 3400 1318 3473 propria
1338 3400 1431 3458 redire
1456 3401 1590 3474 permisit
1613 3399 1747 3460 liberam.
1764 3401 1896 3462 Deducta

1069 3486 1160 3560 igitur
1174 3505 1191 3544 a
1205 3488 1373 3556 comitibus,
1383 3491 1419 3546 ad
1433 3491 1567 3546 Bremam
1580 3490 1721 3564 pervenit,
1736 3491 1897 3563 statimque

1069 3575 1311 3634 ecclesiamadiro
1326 3578 1428 3635 devota
1437 3579 1481 3652 (ut
1491 3578 1630 3652 creditur)
1639 3578 1799 3636 intentione
1812 3596 1895 3637 cura·

1070 3665 1122 3722 vit.
1139 3666 1271 3739 Namque
1287 3684 1384 3724 rerum
1408 3669 1508 3724 ellectu
1525 3667 1631 3724 claruit
1645 3667 1715 3741 quid
1738 3667 1802 3741 ipsa
1818 3668 1897 3726 lideli

1073 3759 1170 3812 menta
1187 3755 1363 3813 tractaverit.
1380 3757 1541 3830 Properans
1565 3757 1676 3833 quippe
1695 3758 1730 3814 ad
1759 3758 1836 3815 lares
1850 3774 1899 3814 eo-

1073 3843 1177 3912 olesire,
1194 3845 1295 3902 statim
1317 3845 1549 3904 misericordiam
1569 3847 1686 3904 Domini
1703 3846 1761 3902 sibi
1786 3846 1900 3904 obviam

995 3977 1001 3992 .
1073 3933 1175 3989 sensit.
1191 3932 1265 3989 Nam
1282 3933 1311 3988 in
1327 3933 1521 4006 ipsointroitu
1534 3935 1672 4004 basilicae,
1686 3951 1754 3993 eum
1769 3935 1902 4010 ingrede-

1073 4024 1153 4078 retur
1165 4021 1241 4077 loros
1256 4021 1333 4088 atrii,
1350 4023 1560 4095 impedimento
1576 4023 1683 4096 lingua
1698 4029 1815 4096 repente
1825 4041 1903 4082 reso·

1074 4109 1145 4178 luto,
1162 4109 1251 4167 altius
1264 4109 1427 4168 exclamare
1443 4128 1475 4168 ec
1492 4111 1593 4167 laudes
1613 4111 1671 4168 Deo
1686 4128 1791 4168 canere
1816 4113 1904 4185 erepit

1074 4198 1166 4272 Cujus
1180 4216 1248 4256 cum
1263 4215 1384 4256 causam
1401 4216 1499 4257 coram
1525 4199 1612 4272 positi
1629 4197 1822 4271 requirerent,
1838 4215 1902 4272 qua

1075 4293 1158 4362 gesta
1173 4289 1288 4345 luerent
1310 4287 1397 4362 piane
1419 4305 1453 4346 ac
1476 4287 1604 4345 dilucide
1628 4286 1783 4344 enarravit.
1799 4288 1903 4362 sieque

1075 4378 1138 4435 bac
1149 4378 1243 4435 virtus
1257 4377 1383 4436 aliorum
1399 4377 1488 4434 etiam
1503 4375 1671 4433 testimonio
1684 4375 1714 4431 in
1730 4375 1839 4449 populo
1853 4376 1903 4433 de·

1077 4467 1195 4538 clarata,
1212 4468 1289 4525 beati
1312 4467 1366 4524 vlri
1391 4467 1495 4524 merita
1519 4464 1681 4522 cumulavit
1703 4463 1819 4521 eximia.
1836 4466 1904 4531 Qua

1038 4587 1062 4653 D
1079 4556 1147 4613 inde
1161 4556 1197 4613 ad
1213 4561 1365 4631 paternam
1381 4573 1412 4613 ee
1426 4555 1605 4612 transferens
1617 4555 1750 4622 domum,
1762 4552 1906 4626 cumipse

1078 4643 1181 4702 hilaris
1197 4647 1252 4702 iret
1266 4663 1299 4703 ao
1315 4646 1389 4716 leta,
1408 4644 1533 4702 sanitato
1548 4642 1637 4700 simul
1653 4658 1686 4699 ao
1702 4640 1837 4697 libertate
1852 4639 1904 4696 do-

1078 4737 1157 4804 nate,
1171 4739 1307 4808 parentes
1323 4749 1438 4807 qnoque
1453 4749 1485 4788 ac
1506 4731 1686 4807 propinquos
1702 4746 1736 4786 ex
1761 4745 1815 4786 suo
1837 4727 1906 4786 lecit
1974 4762 1976 4770 ·

1080 4823 1206 4879 adventu
1222 4839 1255 4880 ao
1271 4821 1463 4897 prosperitate
1477 4820 1613 4896 gaudere.

1401 4939 1518 5003 CAPUT
1536 4945 1587 5003 Vll

1224 5066 1288 5122 Atia
1302 5073 1402 5138 septem
1415 5063 1444 5120 S.
1459 5061 1604 5122 Willetodi
1615 5060 1762 5118 miraculo.

1118 5183 1190 5239 Item
1202 5182 1238 5238 de
1249 5179 1361 5238 Bromie
1369 5177 1606 5254 puellaqumdam
1622 5175 1743 5233 nomine
1755 5174 1911 5250 Wigo‚diu

1083 5275 1175 5340 muta,
1191 5275 1219 5328 ct
1235 5270 1374 5328 omnibus
1382 5285 1499 5343 quoque
1507 5267 1648 5324 membris
1658 5269 1817 5335 eontracta,
1827 5265 1868 5320 ita
1879 5267 1912 5319 ut

1082 5376 1141 5418 non
1156 5359 1255 5434 aliquo
1272 5359 1328 5417 nisi
1345 5358 1380 5414 ab
1395 5356 1462 5414 aliis
1476 5356 1574 5414 delata
1585 5371 1652 5414 scae
1669 5355 1828 5412 transferre
1842 5367 1911 5424 poe-

1083 5455 1137 5521 set,
1154 5450 1184 5507 in
1204 5450 1305 5507 eodem
1330 5446 1392 5505 loco
1419 5445 1532 5503 meritis
1555 5445 1634 5502 beati
1657 5443 1721 5514 viri,
1737 5447 1766 5500 et
1788 5437 1911 5512 loquela

1083 5557 1183 5610 usum,
1200 5543 1229 5596 et
1240 5538 1441 5596 membrorum
1456 5531 1589 5592 omilium
1605 5534 1713 5608 recepit
1726 5527 1868 5588 cilicium.

1273 5627 1363 5688 etiam
1378 5627 1414 5684 do
1441 5627 1581 5704 ltpricetri
1595 5623 1728 5701 quedem
1750 5616 1862 5676 lomina
1876 5631 1913 5678 ea
