3930 6172
198 313 258 380 aaa
486 307 687 372 neruosas
710 305 969 369 suanensem
993 263 1113 366 irase.
1138 305 1224 368 err.
1247 307 1348 370 raus
1371 310 1408 370 u.
1426 307 1609 372 -uoum
1719 342 1727 352 -
1821 315 1871 376 eea

199 445 339 521 scipulis:
364 467 376 492 u
394 441 481 512 Scitis
496 441 566 508 hee,
593 440 668 496 teeu
694 439 786 506 critis,
802 439 825 494 si
854 436 979 493 l'ecerilis
992 453 1026 492 ca
1043 439 1067 504 Α
1083 436 1166 492 testis
1190 441 1243 507 cst,
1270 439 1318 510 qui
1336 438 1390 496 ait:
1409 463 1422 488 α
1449 440 1618 512 Prophetam
1641 441 1717 497 vobis
1739 443 1870 502 suscitabit

198 542 293 604 (loon.
310 536 382 601 xm).
399 555 412 580 a
428 530 509 586 Unde
523 529 652 586 loannes
669 529 697 583 in
712 526 879 601 Apocalypsi
896 543 963 581 cum
979 525 1026 582 di·
1081 525 1223 582 Dominus
1238 525 1315 583 Deus
1330 532 1424 584 uester
1435 529 1469 584 de
1481 529 1616 584 iratribus
1631 528 1736 597 rosiris,
1753 534 1868 604 tanquam

197 626 302 681 xisset:
320 646 334 672 a
346 621 452 677 Beatus
464 619 518 693 qui
531 618 613 674 audit
624 618 711 674 verba
727 614 958 689 prophetialibri
975 613 1027 670 hu·
1081 631 1127 670 me
1146 614 1242 686 ipsum
1262 616 1360 671 audite
1379 617 1467 688 (Decri.
1481 617 1568 690 xviri).
1586 641 1598 668 a
1614 618 1673 672 Non
1689 617 1774 674 solum
1789 625 1868 678 aulem

194 713 256 786 jus,
274 733 288 762 u
318 709 460 782 adjunxit,
490 731 504 757 «
525 711 553 763 el
582 709 677 764 serrat
705 722 768 779 quae
796 703 827 758 ie
856 720 890 759 ea
919 701 1027 776 scripta
1080 699 1870 778 ipsequicaputetDominuscstprophetarum,scdct

199 805 269 859 sunt
284 801 374 873 (ripae.
391 798 447 872 1).=
474 795 536 852 Non
553 795 642 860 enim,
658 799 690 851 ut
705 793 745 850 uit
759 791 924 868 Apostolus
941 791 1025 847 audi·
1081 790 1167 863 Elina,
1196 791 1348 859 ieremias,
1374 793 1526 866 caeterique
1549 793 1692 870 propheta
1717 795 1829 854 minores
1846 798 1869 855 in

198 894 276 946 tores
289 883 442 961 legisjusti
458 887 527 940 sunt
543 885 618 957 apud
634 881 739 948 Deum,
752 882 801 938 sed
814 881 937 938 lectores
952 879 1025 954 legis
1080 881 1175 952 patria
1189 898 1278 954 quarn
1289 880 1319 936 ie
1330 881 1435 940 exteris
1450 881 1616 956 regionibus
1627 883 1714 938 habiti
1728 885 1870 958 sunt2quia

195 977 438 1052 justificabuntur
450 974 534 1048 (Rom.
552 972 690 1045 r).Audire'
705 973 733 1028 et
743 987 801 1028 non
815 971 918 1036 lacere,
932 969 1025 1042 magis
1080 965 1291 1042 propemodum
1308 971 1503 1036 naturaleest,
1515 971 1592 1028 ciues
1607 989 1718 1044 semper
1728 973 1825 1030 civibus
1837 975 1870 1032 in·

198 1066 323 1141 pertinet
337 1063 373 1121 ad
390 1062 604 1120 contumaciam
625 1077 714 1135 quam
739 1057 774 1116 ad
799 1057 1023 1118 beatitudinem.
1078 1058 1185 1114 videre.
1201 1059 1263 1114 Non
1279 1060 1355 1116 enim
1372 1059 1559 1116 considerant
1573 1059 1721 1134 praesentia
1735 1061 1869 1135 viriopcra,

198 1151 508 1212 Undelaoohusdirit:
522 1174 535 1200 a
548 1149 654 1208 scienti
666 1151 775 1205 honram
787 1153 881 1204 etnon
895 1145 1024 1214 facienti,
1079 1147 1129 1202 sed
1147 1145 1278 1221 fragilem
1294 1149 1483 1206 recordentur
1507 1149 1669 1216 infantiam,
1688 1150 1765 1222 quasi
1789 1168 1836 1206 non
1847 1158 1870 1208 et

198 1247 348 1316 peccatum
364 1243 410 1297 cst
423 1239 464 1295 illi
493 1241 560 1312 (iac.
581 1243 628 1310 av).
646 1262 660 1289 »
680 1239 715 1295 Et
729 1237 876 1294 Jaeohus:
896 1259 910 1286 a
926 1237 1024 1293 Estote
1078 1235 1135 1308 ipsi
1151 1253 1202 1308 per
1217 1237 1333 1292 cosdem
1347 1237 1441 1292 atatis
1456 1238 1564 1311 gradus
1577 1238 1612 1294 ad
1628 1242 1765 1294 maturam
1779 1243 1868 1296 atatem

198 1333 320 1392 lactorcs
334 1330 425 1392 verbi,
441 1333 470 1384 et
485 1346 542 1384 uon
567 1329 714 1384 auditores
736 1329 863 1392 tantum,
892 1324 1024 1381 lallcates
1077 1325 1217 1380 renarint.

195 1420 398 1490 vosmetipsos.
424 1417 496 1481 Quia
520 1417 622 1488 siquis
638 1415 753 1472 auditor
767 1419 810 1470 cst
826 1413 903 1470 verbi
917 1417 949 1488 gt
964 1431 1021 1470 non
1115 1434 1129 1462 κ
1146 1413 1310 1470 inveritate
1335 1414 1398 1471 dico
1422 1415 1514 1485 nobie,
1541 1416 1638 1471 maritae
1662 1417 1750 1472 uiduae
1767 1421 1836 1472 crant
1847 1417 1868 1474 iu

197 1511 297 1575 lactor,
321 1507 367 1562 hic
383 1506 602 1578 comparabitur
622 1506 683 1562 viro
699 1503 894 1560 consideranti
909 1499 1021 1558 ruitum
1080 1526 1090 1552 ι
1108 1503 1210 1558 diebus
1225 1501 1293 1557 illie
1308 1504 1338 1559 in
1354 1503 1585 1577 lsrael‚t1uundo
1599 1507 1867 1562 clausumestcelurn

196 1596 356 1655 nativitatis
372 1614 430 1649 snae
447 1595 475 1649 in
492 1593 621 1666 speculo.
633 1590 832 1648 Consideravit
847 1591 925 1648 caim
942 1609 982 1660 se,
995 1595 1023 1646 ct
1077 1615 1091 1642 a
1108 1591 1193 1646 anuis
1218 1591 1313 1647 tribus
1337 1596 1366 1647 ot
1389 1593 1542 1650 mensibus
1558 1611 1616 1661 sos,
1641 1611 1705 1650 cnm
1732 1595 1799 1650 lacta
1810 1600 1869 1651 esset

197 1687 285 1745 abiit:
303 1689 332 1742 et
346 1686 446 1742 statim
461 1683 570 1739 oblitus
583 1688 628 1738 cst
638 1680 733 1754 qualis
744 1681 840 1738 suerit.
852 1681 905 1746 Qui
922 1684 1020 1736 nartem
1076 1703 1090 1732 u
1108 1679 1200 1737 samos
1218 1681 1364 1754 magnoin
1376 1685 1462 1749 terra,
1480 1686 1508 1738 et
1520 1683 1557 1738 ed
1573 1679 1683 1738 nullam
1695 1683 1800 1738 illarum
1813 1683 1868 1739 mis-

196 1774 373 1851 perspexerit
388 1773 418 1829 in
433 1772 496 1846 lege
507 1769 640 1844 perfecte
653 1769 805 1838 libertatis,
818 1774 1023 1845 ctpcrmanse·
1038 1819 1061 1885 B
1076 1793 1090 1821 a
1108 1787 1159 1826 sus
1169 1775 1214 1826 est
1224 1769 1311 1838 Elias,
1325 1771 1379 1826 nisi
1393 1769 1421 1825 in
1436 1776 1555 1844 Sarepta
1566 1772 1731 1828 bidonieud
1743 1773 1867 1829 mulierum

197 1865 245 1932 rit,
261 1881 319 1920 noo
335 1861 450 1918 auditor
464 1856 623 1917 obliviosus
633 1861 738 1928 lactus,
748 1861 799 1916 sed
811 1859 903 1917 laetor
912 1857 1019 1932 operis,
1076 1883 1089 1910 a
1104 1859 1232 1916 viduam.
1244 1880 1258 1910 n
1275 1859 1349 1927 Non,
1361 1859 1468 1932 inquit,
1480 1860 1535 1917 hoc
1546 1861 1624 1933 quod
1635 1861 1729 1918 divina
1738 1861 1870 1918 fastidiosis

196 1953 243 2008 hio
258 1952 361 2008 boatus
376 1949 405 2006 in
422 1945 496 2006 iacto
512 1965 566 2006 suo
582 1949 636 2006 crit
651 1949 718 2020 (luc.
736 1949 764 2022 ι).
781 1971 796 2000 »
1075 1948 1872 2024 ciuibusbenelloiasubtraho,prophotarumgestisadrer·
1937 1999 1938 2004 ,

690 2109 694 2120 ,
1076 2036 1336 2112 setur,quiasicut
1350 2037 1712 2112 famequondamomnem
1721 2045 1872 2112 terramprc·

479 2127 736 2184 HOMlLthLlll.
1076 2123 1874 2202 mente,nemoiestiniudaearepertusEiiaedignushospi-

393 2253 474 2292 FER„
495 2252 624 2292 SECUNDA
644 2253 713 2292 pos,
738 2235 825 2291 θεῖαί,
1077 2217 1127 2284 tio,
1140 2216 1190 2271 sed
1200 2219 1304 2272 exteras
1315 2216 1411 2290 gentis
1420 2217 1506 2273 vidua
1515 2223 1561 2272 est
1572 2217 1702 2291 quaesita,
1714 2235 1772 2290 qaae
1783 2218 1814 2273 ob
1824 2217 1876 2272 ladei

1076 2305 1201 2379 gratiam
1218 2323 1234 2362 a
1250 2310 1331 2360 tanto
1347 2306 1488 2378 propheta
1507 2307 1622 2363 visitari
1639 2307 1761 2364 deberet.
1776 2308 1806 2362 bt
1818 2306 1877 2360 sicut

231 2397 312 2466 (Luc.
330 2399 407 2464 1v.)«
426 2397 457 2450 ln
473 2394 523 2452 illo
533 2397 673 2468 tempore,
687 2397 823 2452 dixerunt
835 2394 972 2450 Pharisaei
985 2397 1022 2452 ad
1077 2393 1179 2450 multis
1195 2394 1301 2450 ibidem
1318 2394 1527 2450 exsistentibus
1545 2394 1680 2468 leprosis,
1696 2393 1814 2452 Naaman
1828 2399 1876 2450 tan·
1937 2435 1938 2440 κ

158 2481 1022 2557 '«lesum:Quantaaudirimuslacta,»etreliqua.Quo-
1077 2482 1343 2557 tumSyrus,quia
1365 2484 1466 2540 deuote
1488 2484 1877 2556 quaesieratablllisaeopro·
1937 2495 1938 2498 ’

196 2571 1023 2648 ruminsanaperfidia,sanam(licetnoscienshidemcon
1077 2573 1165 2646 pheta
1178 2572 1273 2627 curari
1290 2573 1469 2644 promeruit:
1486 2574 1527 2630 sic
1544 2579 1574 2629 et
1597 2592 1648 2630 uos
1664 2592 1719 2630 non
1735 2573 1786 2630 alia
1806 2587 1877 2645 quan

196 2664 363 2737 fiteturquae
375 2661 522 2720 Christum
532 2663 690 2720 Dominum
700 2663 814 2718 labrum
824 2664 957 2736 cognomi
962 2667 1021 2734 nat,
1077 2661 1191 2718 inuidiae
1202 2659 1386 2734 perfidiaque
1397 2678 1487 2718 causa
1497 2679 1627 2736 superne
1637 2681 1753 2720 munere
1764 2660 1873 2735 privabit
1937 2651 1938 2724 s

195 2757 224 2810 et
239 2753 385 2809 medicum
396 2755 486 2809 vocat.
500 2753 592 2809 Faber
603 2753 682 2808 enirn
693 2759 736 2808 cst
749 2769 842 2821 verus,
855 2753 925 2824 quia
936 2776 946 2802 a
959 2769 1022 2808 om·
1077 2753 1205 2816 Quorum
1222 2749 1246 2808 si
1262 2751 1336 2806 laetu
1350 2751 1559 2824 prophetaram
1577 2751 1666 2810 etiam
1681 2749 1819 2826 allegorice
1830 2749 1876 2804 dis·

195 2842 245 2898 niu
260 2859 311 2916 per
325 2841 424 2914 ipsum
441 2842 600 2898 factasunt
615 2842 703 2915 (ioue.
722 2839 757 2913 ri:
769 2863 783 2891 »
798 2842 940 2908 medicus,
953 2841 1023 2914 quia
1077 2839 1205 2896 eusseris
1220 2837 1350 2896 invenies
1361 2839 1489 2912 prolecto
1506 2839 1666 2898 Dominum
1686 2839 1714 2896 in
1729 2839 1875 2912 petrissae,

195 2931 295 2989 omnia
307 2929 464 3004 peripsum
474 2935 635 2986 restaurata
646 2930 752 2987 suntin
765 2929 844 2988 eoelis
855 2934 883 2987 et
893 2931 922 2986 in
934 2935 1021 3000 terra,
1077 2945 1163 3003 aqua
1178 2933 1311 3001 receptus
1326 2945 1383 2984 uon
1398 2933 1443 2984 est
1456 2929 1592 3002 perfidia,
1605 2929 1767 3004 superbiam
1781 2931 1876 2984 notmse

136 3059 141 3066 ·
195 3026 225 3076 ct
239 3021 316 3076 sieut
330 3011 365 3076 do
380 3035 411 3076 se
426 3019 490 3093 ipso
501 3023 638 3076 testatur:
654 3042 667 3070 ι(
678 3019 739 3076 Non
750 3020 860 3076 hubent
870 3035 943 3093 opus
957 3019 1020 3076 suni
1075 3019 1253 3075 ludaeorum.
1266 3017 1691 3092 NomincveroCapharnaum,
1703 3031 1877 3092 queupcrcuu-

195 3109 320 3177 mcdico,
349 3108 400 3164 scd
430 3106 507 3164 male
530 3107 672 3165 habentes
696 3109 790 3180 (llere.
808 3109 880 3180 11).·a
905 3109 1023 3183 thuia
1075 3107 1219 3165 solutionis
1244 3106 1462 3180 interpretetur,
1487 3106 1624 3180 gentium
1639 3109 1803 3181 praedicasse
1815 3101 1878 3160 salu·
1937 3161 1938 3166 ,

195 3198 390 3270 dicimusque
403 3197 598 3254 instrumento
606 3195 777 3266 fabricandi,
786 3196 920 3255 dicamus
929 3203 956 3255 et
964 3215 1022 3271 quo
1037 3185 1058 3252 C
1077 3201 1146 3264 toan,
1158 3194 1206 3251 ubi
1215 3196 1327 3266 majore
1337 3194 1466 3267 quotidie
1479 3197 1565 3268 signa
1573 3213 1626 3270 per
1636 3195 1777 3270 apostolos
1786 3196 1880 3267 aposto·
1937 3185 1938 3204 i

195 3285 295 3344 utatur
307 3303 411 3360 genere
427 3281 601 3343 medicandi.
619 3309 633 3337 a
644 3287 815 3344 Praeterieris
830 3287 902 3342 vidit
912 3303 1022 3342 cecum
1077 3283 1230 3356 lorumque
1246 3299 1441 3353 successores,
1458 3301 1514 3340 non
1529 3289 1591 3342 tam
1605 3286 1635 3341 in
1651 3302 1798 3360 corporum
1808 3295 1879 3355 quau

194 3379 297 3431 natum
313 3375 500 3439 anativitate,
512 3375 628 3447 exspuit
638 3375 668 3429 in
678 3378 797 3443 terram,
810 3380 838 3430 et
851 3373 917 3430 lecit
927 3372 1022 3429 lutum
1076 3371 1105 3428 in
1122 3371 1286 3428 animarum
1307 3372 1459 3430 sanatione
1479 3373 1645 3445 pariantur.
1663 3375 1751 3450 Igitur
1764 3373 1841 3429 sidae
1852 3367 1882 3424 ad

194 3460 230 3516 de
245 3463 342 3533 sputo.
364 3459 517 3531 linivitque
537 3479 624 3534 snper
639 3459 738 3517 oculos
754 3463 827 3534 ejus,
845 3466 874 3517 et
889 3459 961 3516 dixit
974 3460 1021 3520 eit
1077 3478 1166 3534 quam
1181 3461 1433 3530 missuscstlllias
1443 3464 1575 3536 gentium
1589 3465 1724 3538 designat
1735 3459 1881 3522 Ecclesiam,

194 3548 284 3613 Vade,
305 3551 334 3603 et
347 3547 412 3604 luva
427 3548 456 3606 in
474 3549 618 3604 natatoria
632 3547 717 3616 Siloe,
744 3549 820 3621 quod
848 3549 1022 3622 interprete·
1076 3567 1139 3624 que
1155 3568 1173 3606 a
1187 3568 1240 3607 suo
1256 3549 1367 3607 diutius
1382 3554 1426 3606 est
1450 3553 1602 3609 conditore
1622 3553 1745 3622 deserta,
1760 3547 1881 3625 populum

195 3641 243 3692 tur
267 3639 378 3692 missas.
408 3633 486 3692 Abiit
515 3642 629 3710 ergoet
655 3635 734 3706 lavit,
762 3643 790 3693 et
815 3639 892 3693 arenit
920 3637 1021 3696 uidens
1076 3644 1152 3695 recte
1176 3639 1240 3696 hdei
1266 3639 1396 3708 nescirit,
1413 3639 1496 3712 quasi
1514 3659 1679 3715 pauperum
1696 3642 1784 3700 filium
1807 3651 1882 3712 egena

194 3725 283 3799 (loon.
301 3729 349 3790 rx).
367 3747 379 3776 u
397 3725 527 3798 Agnosce
538 3725 628 3798 igitur
640 3741 754 3798 nreguae
767 3726 887 3782 modum
904 3726 1020 3782 medici·
1075 3729 1151 3801 stipe
1176 3728 1335 3793 nutriebat.
1352 3729 1380 3785 id
1397 3733 1442 3786 est
1456 3731 1542 3786 verbo
1559 3731 1675 3789 tructus
1689 3733 1800 3806 experte
1813 3730 1881 3784 docc-

103 3887 105 3893 γ
195 3832 249 3881 nas,
265 3819 294 3870 et
317 3815 422 3887 gaude,
447 3813 516 3882 quia
532 3829 583 3886 per
597 3814 671 3870 hanc
693 3813 859 3872 illuminare
875 3814 1019 3872 meruisti.
1075 3819 1134 3886 hat,
1150 3817 1242 3874 donee
1258 3817 1414 3874 adveniens
1425 3835 1521 3874 sermo
1532 3821 1732 3894 propheticus,
1748 3819 1794 3894 qui
1805 3816 1881 3874 exsic-

194 3903 302 3958 Lutum
318 3902 353 3958 dc
366 3907 454 3970 terra,
465 3919 532 3959 caro
543 3901 649 3959 Christi
661 3908 716 3960 cst.
730 3908 854 3977 Sputum
869 3906 1019 3978 decapite,
1074 3910 1138 3963 cato
1153 3905 1256 3963 uellere
1268 3905 1393 3975 israelis,
1405 3911 1505 3981 utpote
1519 3908 1621 3966 clausa
1632 3909 1696 3967 ooeli
1708 3911 1806 3984 janua,
1819 3907 1882 3962 larue

197 3989 336 4048 Divinitas
349 3989 413 4062 ejus
424 3995 478 4060 cst,
491 3991 559 4064 quia
570 3997 657 4065 caput
674 3992 778 4050 Christi
796 3993 884 4050 Deus.
896 3998 1020 4067 Sputum
1074 3991 1294 4071 periclitabatur
1308 3995 1337 4050 in
1351 3996 1459 4063 iudaea,
1472 4003 1644 4072 pasceretur
1657 4001 1696 4057 ihi
1712 3999 1796 4058 simul
1810 4001 1882 4067 etpa-

194 4080 256 4136 luto
267 4080 431 4136 immistum
448 4097 501 4136 nos
514 4077 661 4138 illuminat
675 4081 704 4138 in
721 4083 865 4140 natatoria
881 4083 957 4140 Silue
973 4085 1021 4140 bu·
1067 4089 1176 4156 ‘soeret
1194 4089 1223 4141 et
1236 4089 1370 4158 receptus
1391 4083 1525 4144 videlicet
1539 4105 1556 4143 a
1570 4089 1769 4161 credentibus,
1784 4091 1809 4143 et
1826 4081 1882 4140 rel·

194 4169 327 4244 ptiaatos,
339 4169 410 4243 quia
420 4169 569 4226 «Verbum
580 4187 646 4227 caro
658 4171 765 4228 laetum
778 4175 868 4241 estet
879 4171 1021 4230 habitavit
1074 4175 1155 4232 ciens
1165 4175 1227 4248 ipse
1238 4175 1398 4230 erodentes.
1411 4173 1491 4232 [lude
1506 4177 1579 4233 bene
1595 4177 1658 4236 haec
1674 4180 1760 4236 vidua
1773 4179 1800 4234 in
1814 4175 1883 4231 Suro

194 4260 224 4314 in
241 4257 338 4326 nohis,
354 4260 383 4314 et
397 4257 656 4332 vidimusgloriam
673 4261 736 4333 ejus
749 4261 836 4334 (lorea.
855 4267 885 4332 a),
903 4285 916 4312 n
931 4279 1020 4336 quam
1074 4267 1124 4336 pta
1143 4263 1267 4320 Sidoniae
1294 4263 1401 4318 dicitur
1415 4281 1478 4320 osse
1500 4270 1625 4324 morata.
1647 4268 1767 4325 Sidonia
1780 4266 1882 4340 quippo,

193 4349 276 4423 prius
292 4346 421 4406 tenebris
437 4347 605 4405 arcentibus
615 4349 860 4424 comprehendere
870 4369 927 4408 non
939 4353 1019 4424 pote·
1073 4351 1187 4408 vcnatio
1201 4347 1312 4408 inutilis
1328 4370 1334 4420 ;
1349 4353 1471 4426 Sarepta
1485 4370 1553 4410 vero
1569 4357 1729 4414 incardium
1750 4356 1791 4414 rol
1808 4368 1883 4422 erpa·

194 4453 305 4494 remus.
322 4435 376 4493 Per
398 4435 513 4494 labrum
530 4454 598 4510 ergo
618 4437 766 4494 Christum
791 4444 907 4496 creatus
929 4458 972 4508 cs,
988 4443 1021 4496 ut
1073 4443 1126 4497 stiu
1138 4443 1220 4514 paaia
1236 4440 1455 4514 interpretatur,
1469 4441 1537 4515 quia
1549 4467 1562 4494 «
1577 4445 1626 4501 ubi
1639 4445 1884 4518 abundauitpcccu·

193 4542 284 4582 esses.
301 4525 353 4581 Per
368 4525 516 4582 medicum
530 4521 679 4582 Christum
696 4531 843 4584 recreatus
858 4545 899 4596 es,
911 4533 1020 4602 etpost
1036 4554 1059 4619 D
1074 4533 1148 4601 tuan,
1173 4529 1423 4602 superabundavit
1435 4534 1530 4606 gratia
1546 4535 1633 4607 (aare.
1649 4540 1689 4606 v).
1709 4561 1720 4587 ι
1738 4535 1790 4592 Ubi
1813 4531 1884 4588 rebus

193 4611 411 4670 rrrlneraeanus
423 4632 512 4683 essee,
523 4615 573 4688 qui
585 4613 620 4671 ab
632 4614 823 4672 irridentibus
834 4617 946 4674 ciuibus
959 4617 1021 4690 qui·
1075 4617 1264 4693 supervacuis
1279 4618 1475 4692 acquirendis,
1487 4623 1571 4694 quasi
1588 4625 1757 4699 aucupandi
1767 4639 1831 4680 curu
1840 4621 1885 4674 im·

195 4701 261 4758 dem
278 4700 405 4775 seipsum
423 4704 602 4774 carnesboc
617 4707 672 4770 est,
690 4703 718 4758 ie
730 4721 784 4762 sua
794 4703 1019 4777 patriavirtutce
1075 4707 1266 4781 pendebatur,
1280 4707 1329 4763 uhi
1342 4707 1403 4766 dire
1419 4709 1490 4767 satis
1505 4709 1676 4770 incendium
1692 4715 1788 4780 tumis,
1802 4707 1886 4786 panis·

196 4789 290 4847 secere
310 4796 454 4848 monetur.
470 4791 523 4848 Sed
541 4809 598 4848 non
615 4791 707 4848 otiose
723 4791 758 4848 ah
773 4793 950 4868 euangelista
963 4795 1020 4851 alio
1075 4812 1132 4868 que
1160 4794 1322 4869 spiritualis
1350 4801 1436 4854 antea
1464 4799 1553 4855 tiebat
1579 4803 1729 4876 angustia,
1753 4801 1791 4858 ibi
1808 4797 1886 4855 lerina

196 4883 361 4950 excusatur,
372 4881 442 4953 quio
455 4893 512 4937 non
524 4886 637 4955 poterut
652 4881 691 4936 ibi
701 4881 837 4938 virtutem
849 4883 952 4954 lucere,
964 4883 1021 4940 nisi
1075 4883 1231 4957 oleumque
1243 4901 1291 4941 ore
1303 4884 1470 4958 prophetico
1485 4887 1680 4964 benedicitur,
1695 4891 1726 4948 id
1737 4895 1780 4948 est
1789 4889 1886 4945 fructus

197 4980 304 5036 paucos
317 4963 604 5042 inssrmosimpositis
615 4969 752 5026 manibus
762 4971 873 5027 curavit
882 4989 889 5027 :
898 4975 926 5028 et
937 4972 1021 5028 mira·
1075 4977 1104 5030 et
1118 4973 1250 5030 hilaritas
1260 4973 1424 5042 charitatis,
1436 4977 1736 5054 siregratiacorporis
1747 4972 1885 5038 Dominioi,

197 5051 283 5106 batur
307 5056 426 5124 propter
440 5055 673 5114 incredulitatem
697 5057 825 5128 illorum,
841 5077 877 5116 ne
898 5057 1021 5118 sortasse
1075 5067 1103 5119 et
1118 5062 1285 5120 chrismatis
1307 5061 1405 5119 unctio
1417 5064 1587 5123 indefectivo
1599 5069 1681 5125 verbi
1694 5069 1818 5127 coelestis
1832 5079 1885 5122 mu·

197 5138 264 5212 quis
291 5137 421 5196 viliorem
452 5141 614 5200 nebisfieri
643 5147 748 5204 debere
777 5149 876 5222 potriae
906 5154 1022 5223 putaret
1075 5151 1885 5228 nereleeundutur:cujushactenusinv'esisoleumgatt·

197 5220 344 5286 allectum.
358 5227 481 5324 durabat
496 5229 594 5301 itaque
609 5233 695 5304 cives,
710 5237 759 5292 sed
774 5235 829 5310 ipsi
840 5253 871 5294 se
882 5237 1021 5294 charitate
1075 5241 1114 5296 dii
1131 5239 1303 5314 spiritualis,
1329 5243 1357 5296 et
1372 5241 1583 5302 benedictionis
1603 5247 1698 5304 lerina
1713 5265 1771 5304 non
1785 5240 1886 5307 alel'aeit,

198 5315 351 5416 patriaque
366 5311 455 5369 tabere
470 5315 633 5386 privabant.
1075 5328 1244 5402 ceterisque
1259 5347 1316 5385 non
1342 5329 1464 5386 credunt
1478 5333 1627 5405 gentihus,
1643 5337 1745 5410 inopia
1759 5334 1838 5410 panis
1851 5329 1887 5386 di·

233 5429 247 5458 a
263 5406 311 5461 hrt
324 5403 441 5459 autem:
464 5403 556 5457 Arnen
573 5404 635 5460 dico
650 5409 742 5478 vobis,
771 5413 839 5484 quia
855 5425 939 5472 netno
955 5432 1020 5489 pro·
1074 5417 1133 5474 uini
1150 5418 1275 5488 miseris,
1291 5423 1320 5473 et
1331 5418 1448 5476 arenatui
1462 5419 1568 5479 deditis
1583 5423 1691 5481 inutili.
1707 5426 1780 5482 Nam
1794 5429 1821 5482 et
1834 5419 1889 5494 ipsa

199 5520 214 5550 a
230 5493 318 5571 pheta
339 5493 475 5563 acceptus
501 5491 547 5545 esi
561 5489 596 5588 ie·
618 5495 711 5562 patria
726 5514 788 5554 sua.
806 5523 820 5550 a
847 5503 1020 5575 Prophetam
1076 5507 1270 5577 pulcherrime
1285 5506 1441 5579 mysticum
1458 5507 1524 5578 sihi,
1538 5511 1712 5587 priusquam
1729 5515 1888 5571 moreretur,

200 5586 256 5650 dici
281 5585 310 5646 in
334 5578 491 5660 Scripturis
517 5581 672 5638 Domurum
687 5581 846 5658 Christum,
863 5594 891 5646 et
907 5589 1020 5666 Moyses
1075 5611 1179 5668 panem
1198 5595 1316 5666 lactura,
1333 5593 1888 5680 duoselignaoolligcrerellstestaturt
