3930 6172
73 289 122 357 att
667 281 844 348 flentium
865 281 918 347 ba
939 281 1139 348 TEMPORE.
1692 289 1756 358 3ιῦ
1867 289 1874 302 ’

72 426 133 480 tium
147 423 219 488 dare,
236 435 306 494 qnos
321 437 338 474 a
353 436 399 475 me
414 416 569 476 consilium
594 423 705 492 oportet
730 417 868 490 accipere.
885 416 912 484 Α
927 423 1068 474 cresceret
1085 435 1091 473 :
1114 417 1248 492 utramvis
1263 417 1312 476 tuli
1329 416 1415 476 verbo
1432 436 1505 476 usus
1520 419 1568 489 sit,
1585 425 1669 496 quasi
1686 431 1755 484 tuno

71 515 121 580 Ouo
143 527 206 585 ergo
230 508 364 584 pertinet,
380 531 395 558 α
411 508 512 564 Nonne
534 505 688 564 duodecim
705 505 782 564 hora
805 509 875 562 srrnt
931 505 1047 562 eredere
1066 506 1238 582 inciperent.
1263 507 1326 565 Non
1351 508 1429 566 enirn
1445 508 1495 580 ait,
1511 509 1624 582 gaudeo
1639 518 1756 586 propter

70 603 136 660 dieii
150 624 163 650 n
178 600 247 678 Quia
263 604 295 654 nt
308 597 385 654 diem
403 615 434 654 se
449 614 514 654 esse
529 598 705 661 ostenderet,
722 595 875 653 duodecim
930 611 991 661 vos,
1008 600 1040 650 ut
1053 601 1151 653 vestra
1166 595 1238 654 tides
1252 601 1402 672 augeatur,
1412 597 1473 654 sive
1487 597 1641 668 firmatum
1658 602 1709 658 sed
1724 607 1756 658 ut

69 689 211 762 discipulos
237 685 332 760 elegit.
347 685 375 740 si
392 703 445 758 ego
473 701 553 752 sum,
568 685 673 758 inquit,
690 685 764 756 dies,
783 687 812 741 et
824 701 876 740 vos
931 683 1067 753 credatis,
1084 685 1162 758 quod
1177 684 1399 759 intelligendum
1415 689 1470 756 eet,
1486 685 1660 762 etamplius
1673 691 1758 747 robu-

70 781 142 844 horn,
152 775 280 850 nunquid
291 773 431 829 heradiei
441 773 595 830 consilium
607 773 698 830 dant?
708 773 788 828 Horae
799 773 875 828 diem
931 771 1065 846 aliusque
1080 773 1215 830 credatis.
1453 835 1464 854 ·

70 871 222 941 seqrruntur,
240 881 297 919 non
312 863 399 918 horas
423 861 495 918 dies.
513 863 628 936 storga
644 860 685 916 illi
703 862 791 929 borae,
807 861 877 934 qnid
967 882 981 910 e
998 863 1053 918 Sed
1079 878 1181 918 eamus
1208 863 1244 919 ed
1260 879 1339 919 eum.
1356 863 1433 920 Dixit
1458 881 1526 938 ergo
1550 865 1691 938 Thomna,
1707 866 1757 942 qui

69 959 99 1015 ibi
112 956 207 1021 ludas,
224 959 252 1009 et
269 953 330 1024 ipse
355 952 431 1006 inter
445 951 598 1007 duodecim
624 950 735 1008 boras?
751 951 780 1007 Si
805 951 878 1006 bora
935 972 945 1001 ι
963 950 1279 1026 diciturDidymus,ad
1291 952 1643 1026 condiscipuloszllamue
1654 960 1682 1014 et
1693 973 1756 1024 nos,

69 1049 125 1111 eret,
138 1043 259 1108 lucebat,
275 1041 298 1096 si
313 1039 438 1107 lacebat,
451 1040 598 1113 quomodo
612 1039 690 1095 diern
703 1039 739 1096 ad
753 1043 877 1096 mortem
932 1063 946 1090 «ι
965 1045 996 1094 ut
1005 1041 1240 1098 moriamurcum
1249 1057 1292 1098 eo.
1302 1041 1598 1116 Venititaquelesue,
1610 1050 1638 1102 et
1647 1045 1759 1104 invenit

70 1130 203 1188 trahebat?
219 1130 275 1186 Sed
293 1129 431 1184 Dominus
455 1129 484 1183 in
500 1129 555 1184 hoc
570 1130 668 1196 verbe,
697 1145 753 1184 non
779 1129 877 1200 ipsum
931 1151 946 1178 «
963 1145 1028 1185 eum
1040 1133 1166 1202 quatuor
1177 1130 1308 1202 diesjam
1321 1129 1350 1186 in
1362 1135 1553 1188 monumento
1564 1132 1731 1192 habentem.
1742 1157 1757 1187 n

69 1222 168 1288 ludam,
185 1219 234 1274 sed
261 1234 459 1274 successorem
486 1217 581 1290 ipsius
600 1217 786 1292 praevidebat.
802 1218 879 1274 luda
931 1217 971 1274 De
984 1223 1110 1292 quatuor
1121 1218 1226 1275 diebus
1239 1219 1331 1276 multa
1344 1219 1462 1292 quidem
1473 1219 1758 1294 dicipossunt,sicut

69 1313 129 1366 enim
145 1309 273 1376 cadente,
301 1307 444 1363 successit
468 1305 615 1372 Matthias,
632 1311 660 1362 et
681 1305 878 1362 duodenarius
932 1307 1757 1381 sehabentobscuraScripturarum,qaceprodiversitale

71 1399 167 1454 mansit.
182 1397 244 1452 Non
260 1397 340 1453 enim
354 1396 463 1452 trustra
475 1395 629 1451 duodecim
645 1394 808 1468 discipulos
820 1391 878 1451 ele·
933 1395 1158 1469 intelligentium
1175 1396 1284 1452 maritos
1310 1413 1415 1452 sensns
1431 1397 1559 1470 pariunt.
1576 1399 1713 1456 Dicamus
1729 1404 1759 1457 et

69 1489 108 1560 git,
122 1487 172 1542 nisi
197 1485 267 1558 quia
282 1486 347 1558 ipse
369 1481 532 1556 spiritualis
547 1489 592 1539 est
617 1483 689 1540 dies.
714 1485 878 1556 sequantur
933 1485 1075 1558 n0s‚quid
1089 1475 1491 1558 nobievideatureignilrcare
1501 1490 1757 1562 mortuusquatri-

69 1570 878 1649 ergohoraediem,praedicentboraediemflormillustren·
932 1574 1057 1630 darenus.
1074 1574 1224 1639 Quomodo
1238 1573 1316 1630 enirn
1341 1574 1371 1629 in
1392 1573 1442 1630 illo
1468 1591 1540 1630 crece
1565 1575 1756 1650 intelligimus

68 1663 273 1720 turadialloren
283 1661 488 1718 illuminentur
501 1677 518 1716 a
530 1661 644 1718 die.Per
654 1661 792 1716 horarum
805 1677 876 1734 prce-
932 1663 1148 1736 quodammodo
1167 1662 1332 1718 humanum
1347 1679 1450 1736 genus,
1467 1664 1509 1718 sic
1524 1663 1596 1720 ioris
1611 1667 1640 1722 et
1654 1665 1684 1724 in
1700 1667 1756 1724 isto

69 1753 231 1820 dicationem,
243 1751 345 1808 credat
357 1750 487 1806 mundus
501 1750 590 1806 diem.
604 1751 678 1823 Ergo
695 1751 735 1810 ait
749 1750 785 1806 de
801 1766 876 1806 corn-
933 1756 1048 1808 mortuo
1070 1749 1178 1807 multos
1199 1750 1374 1808 intellecturi
1400 1768 1523 1820 sumus;
1540 1752 1663 1810 diversis
1677 1755 1756 1812 eninr

68 1841 173 1915 pudic:
191 1841 236 1897 lile
252 1839 422 1913 sequimini,
440 1838 464 1894 si
481 1856 538 1895 non
558 1838 645 1894 vultis
661 1855 766 1895 errare.
931 1837 1026 1894 modis
1041 1855 1100 1893 una
1113 1855 1162 1914 pes
1178 1837 1336 1912 significari
1349 1843 1454 1911 potest.
1470 1840 1561 1896 Homo
1574 1843 1691 1914 qnando
1705 1861 1755 1900 na·

94 1955 104 1981 a
118 1931 152 1986 lix
167 1934 231 2001 post
246 1929 308 1985 hec
331 1928 403 1984 dicit
417 1929 459 1983 eis
474 1945 481 1983 :
497 1928 623 1984 Lazarus
649 1928 761 1984 amicus
778 1933 876 1984 nester
930 1927 1030 1992 scitur,
1037 1928 1098 1998 Jam
1116 1943 1182 1982 cum
1199 1933 1291 1982 morte
1304 1927 1444 1994 nascitur,
1455 1928 1524 2001 quia
1540 1929 1575 1986 de
1587 1931 1679 1987 Adam
1691 1949 1757 2004 pec-

68 2017 194 2085 «dormit,
204 2019 254 2074 sed
270 2018 346 2073 vado
361 2021 393 2072 ut
405 2035 423 2073 a
435 2032 549 2074 sommo
562 2016 684 2073 excitem
697 2033 775 2072 eum.
790 2040 805 2068 »
820 2016 874 2072 l'e·
930 2020 1026 2072 caturn
1043 2015 1152 2086 trahit;
1175 2015 1253 2072 unde
1277 2015 1347 2072 dicit
1367 2015 1546 2088 Apostolus:
1562 2041 1576 2069 «
1596 2019 1650 2076 Per
1663 2038 1757 2077 unum

69 2126 118 2163 rnnr
130 2108 213 2174 dixit;
226 2107 380 2162 sororibus
391 2111 525 2162 mortuus
536 2110 607 2172 erat,
619 2105 742 2161 Domino
753 2106 878 2162 dormie-
930 2103 1079 2162 hominem
1093 2111 1243 2178 peccatum
1254 2103 1373 2162 intravit
1385 2106 1414 2162 in
1428 2107 1620 2175 mundum,ct
1632 2127 1684 2182 per
1695 2126 1758 2183 pec-

68 2194 574 2266 batzbcminibusmertunserat,qai
587 2211 653 2250 eum
665 2195 806 2250 suscitare
817 2212 875 2251 non
930 2199 1027 2250 cetum
1044 2209 1141 2250 more:
1164 2199 1192 2249 et
1207 2193 1248 2250 itn
1263 2194 1293 2249 in
1309 2211 1411 2250 omnes
1426 2193 1561 2252 homines
1577 2197 1756 2269 pertransiit,

68 2289 190 2358 poterant.
214 2286 289 2340 Nam
308 2283 450 2341 Dominus
467 2288 548 2340 tanta
563 2283 700 2340 facilitate
715 2284 877 2341 suscitabat
930 2283 959 2337 in
982 2299 1039 2356 quo
1055 2299 1157 2338 omnes
1181 2288 1373 2355 peccaverunt
1388 2284 1475 2352 (nun.
1492 2287 1531 2354 v).
1550 2307 1564 2334 »
1579 2285 1651 2342 Dece
1665 2287 1757 2345 babes

68 2375 94 2431 de
107 2374 241 2450 sepulcro,
259 2377 374 2447 quanta
386 2377 416 2430 tu
430 2389 489 2428 non
502 2373 610 2428 excitas
631 2371 824 2430 dormientem
840 2373 876 2429 de
930 2389 1022 2427 unum
1039 2370 1115 2427 diem
1127 2369 1239 2439 mortis,
1253 2371 1329 2445 quod
1341 2372 1429 2429 bomo
1440 2373 1530 2429 trahit
1540 2373 1575 2430 de
1586 2381 1679 2432 morte
1690 2393 1758 2450 pro-

68 2463 211 2537 lectollrgo
220 2461 553 2534 seeundumpotentiam
562 2460 877 2518 suamdixitdormien·
930 2461 1077 2534 paginam.
1088 2459 1195 2516 Deinde
1204 2460 1317 2527 crescit,
1327 2461 1429 2534 incipit
1438 2461 1575 2522 accedere
1583 2465 1617 2520 ad
1630 2465 1757 2522 rationa-

68 2553 194 2626 tem,qnia
205 2551 295 2607 etalii
309 2549 415 2606 mortui
429 2549 497 2606 dicti
511 2555 581 2606 sunt
591 2549 619 2604 in
632 2550 790 2623 Scripturis
800 2567 876 2623 scope
930 2549 973 2606 les
989 2566 1092 2616 annos,
1104 2554 1135 2604 ut
1149 2547 1242 2623 legem
1259 2550 1355 2622 sapiat
1369 2551 1543 2620 naturalem,
1553 2570 1641 2625 quam
1655 2570 1758 2611 omnes

68 2642 232 2704 dormientes,
243 2637 486 2712 sicutrtpostolus
494 2638 580 2694 dicit:
591 2661 604 2688 a
615 2637 655 2694 De
663 2639 876 2696 dormientibus
930 2639 1041 2695 habent
1052 2639 1080 2694 in
1097 2638 1182 2694 corde
1198 2639 1293 2694 fixam.
1306 2639 1388 2705 Quod
1402 2639 1455 2696 tibi
1466 2640 1529 2696 fieri
1542 2657 1599 2696 non
1611 2642 1664 2708 vis,
1674 2643 1757 2699 alteri

69 2735 147 2784 autam
162 2728 227 2785 nolo
244 2746 299 2786 vos
316 2729 459 2802 ignorare,
476 2727 590 2794 iratres,
607 2731 711 2782 utnon
728 2728 877 2784 contriste·
930 2744 967 2784 ne
976 2727 1089 2784 leceris.
1100 2727 1238 2799 Nunquid
1250 2727 1304 2783 boc
1312 2726 1347 2784 de
1359 2728 1481 2800 paganis
1493 2728 1609 2797 dieitur,
1617 2735 1645 2786 et
1658 2747 1714 2786 non
1727 2730 1755 2786 in

70 2815 875 2892 ninisicntetcaeteri,quispemnonhabeuttllbesnrl.»
930 2823 1034 2872 natura
1050 2815 1115 2888 ipsa
1128 2815 1345 2888 quodammodo
1372 2814 1502 2888 legitur?
1516 2815 1639 2874 Furtum
1664 2819 1757 2876 lacere

69 2903 876 2980 ldeoetipsedormientesappellavit,quiaresurrectnros
929 2905 994 2961 vis‘l
1004 2905 1062 2977 pati
1075 2904 1175 2976 utique
1187 2921 1245 2960 non
1256 2904 1309 2960 vis.
1319 2905 1390 2961 Dece
1403 2903 1489 2961 lexin
1503 2906 1647 2963 cordetuo
1657 2923 1664 2961 t
1674 2907 1756 2974 Quod

69 2996 255 3067 pronuntiavit.
271 2997 311 3052 at
326 2995 355 3050 in
371 2994 428 3050 alio
443 2994 525 3050 loco:
542 2994 651 3050 Omnes
667 2993 785 3067 quidem
809 2995 876 3050 dor·
931 3011 988 3050 non
1005 2994 1047 3048 vis
1063 2993 1134 3065 pati,
1157 2993 1250 3049 lacere
1265 2992 1333 3048 noli.
1352 2993 1384 3048 lit
1405 2992 1480 3050 hanc
1496 2993 1589 3068 legem
1605 3000 1756 3070 transgre·
1861 3071 1863 3075 ,

70 3085 183 3153 niemus,
208 3086 259 3142 sed
285 3099 347 3140 non
372 3099 474 3138 omnes
498 3097 687 3155 resurgemus
703 3082 727 3154 (l
739 3085 801 3139 cor.
818 3083 875 3156 xv),
932 3083 1053 3138 diuntur
1067 3081 1202 3138 homines
1218 3099 1225 3137 :
1240 3097 1304 3137 ecce
1319 3080 1393 3138 alter
1406 3082 1468 3138 dies
1484 3083 1597 3140 mortis.
1614 3084 1688 3141 Data
1711 3089 1758 3142 eet

70 3179 171 3230 mortnxn
195 3179 331 3230 nostram
353 3171 538 3228 dormitionis
553 3169 671 3226 nomine
696 3157 913 3245 signiticans.C
932 3171 1020 3227 etiam
1036 3169 1081 3226 lex
1098 3169 1238 3226 divinitus
1254 3187 1305 3243 per
1328 3170 1472 3228 famulum
1496 3171 1546 3228 Dei
1563 3173 1691 3246 Moysen.
1708 3174 1756 3230 Di·

15 3279 16 3288 *
70 3261 333 3336 Nemeorpnsdum
355 3259 499 3317 deseritur
520 3261 556 3314 ab
579 3259 690 3328 anima,
715 3259 823 3316 dormit
846 3261 875 3315 in
931 3264 1009 3316 etum
1025 3257 1754 3330 estillictuNonoccides,nonmoeehaberis,non

15 3343 16 3346 ’
71 3351 286 3426 scpulcrousque
299 3351 336 3407 ad
348 3347 637 3406 resuscitationemin
648 3349 874 3406 novissimodie.
929 3349 1037 3404 falsum
1054 3347 1255 3404 testimonium
1270 3347 1487 3404 dices.llonora
1499 3355 1611 3422 patrem
1628 3355 1712 3407 tuum
1728 3356 1758 3407 et

70 3440 159 3496 Anima
172 3457 237 3497 vero
252 3441 328 3496 dum
353 3437 493 3494 deserunt
507 3453 636 3510 corpora,
652 3436 783 3494 diversas
799 3454 875 3494 rece·
932 3442 1066 3502 matrem,
1083 3453 1139 3492 non
1156 3437 1343 3510 concupisces
1359 3453 1420 3494 rem
1445 3437 1569 3510 proximi
1591 3439 1634 3495 tui
1659 3440 1755 3512 (arod.

69 3528 161 3598 ptiones
172 3530 298 3586 babent:
311 3527 452 3601 gaudium
465 3524 647 3592 benemide
657 3529 811 3582 tormenta.
819 3527 875 3583 Sed
929 3527 986 3599 xx).
1005 3547 1019 3576 s
1035 3527 1105 3582 Ecce
1120 3524 1166 3581 lex
1181 3527 1289 3599 scripta
1304 3529 1358 3594 eat,
1382 3531 1410 3582 et
1426 3527 1490 3600 ipsa
1505 3527 1712 3595 contemnitur,
1729 3534 1759 3586 ct

15 3629 16 3632 ¹
69 3633 120 3672 curn
137 3615 511 3682 lactalneritresurrectio‚
528 3615 713 3669 othonorum
735 3615 874 3688 gaudium
930 3614 1186 3672 adtertiumdiem
1197 3615 1756 3690 mortisquirestat,venitur.lltllvan·

68 3703 173 3778 emplius
184 3707 238 3764 erit
250 3711 280 3762 et
295 3702 441 3760 malorum
455 3707 601 3759 tormenta
611 3701 875 3776 graviora,quando
929 3704 1039 3778 goliam
1068 3703 1250 3777 preadicatur,
1273 3721 1395 3778 regnum
1421 3703 1560 3762 coelornm
1588 3705 1758 3763 diffamatur

68 3793 475 3868 cnmnnrporetorquebuntur.
488 3792 563 3848 Dum
575 3790 717 3846 Dominus
726 3790 876 3847 dedorrni·
929 3793 1050 3866 ubique,
1060 3792 1196 3848 Christus
1207 3792 1337 3849 minatur
1347 3793 1623 3866 gehennenn,vitam
1633 3795 1756 3867 promit-

69 3879 214 3941 tioneamici
223 3879 874 3956 dixeral,diacipnlimsponderpnt‚quomodo
929 3881 1119 3937 titaternam.
1129 3881 1164 3936 at
1175 3881 1271 3953 ipsum
1283 3880 1489 3951 contemnitur,
1501 3883 1758 3957 transgrediuntur

70 3969 249 4030 intellexerunt
263 3991 270 4030 ι
929 3971 1064 4027 homines
1076 3969 1274 4044 Evangelium.
1285 3969 1357 4027 Ecce
1372 3975 1496 4046 quartus
1506 3971 1569 4027 dies
1581 3971 1694 4028 mortis.
1703 3974 1759 4027 Me·

97 4083 108 4107 «1
121 4060 245 4128 Domine,
262 4063 289 4118 si
305 4059 422 4126 dormit,
439 4059 537 4116 salvus
559 4058 622 4115 erit.
641 4081 656 4108 »
673 4057 773 4114 Solent
795 4059 874 4114 enim
930 4058 984 4114 rito
997 4060 1060 4130 jarn
1073 4062 1164 4130 putet.
1180 4057 1318 4132 Nunquid
1332 4059 1368 4115 de
1381 4057 1490 4115 talibus
1501 4059 1634 4132 neganda
1644 4063 1689 4116 eat
1702 4060 1757 4116 mi-

71 4151 162 4206 scmnia
176 4169 239 4207 esse
261 4149 417 4224 aegrotanti
441 4148 577 4204 interitus
600 4146 643 4203 vel
668 4147 772 4204 salutis
796 4147 874 4204 indi·
930 4146 1212 4204 sericordialAbsit.
1227 4144 1321 4202 Etiam
1345 4147 1381 4202 ad
1407 4147 1479 4204 tales
1503 4147 1673 4204 excitandos
1698 4165 1755 4204 non

71 4237 111 4292 cia.
929 4235 1104 4308 dedignatur
1119 4235 1265 4290 accedere.

97 4329 226 4386 «Dixerat
240 4333 342 4386 autem
368 4328 453 4384 lesus
467 4327 503 4383 de
517 4330 610 4382 morte
624 4327 699 4399 ejus,
717 4324 759 4381 ilii
776 4331 873 4382 autem
965 4347 979 4376 c
996 4322 1078 4380 Multi
1094 4328 1190 4378 autem
1219 4338 1254 4379 ex
1277 4321 1385 4379 Judaeis
1405 4328 1543 4379 venerant
1557 4323 1593 4380 ad
1610 4323 1755 4380 Marthem

74 4420 245 4485 mutaverunt
252 4417 324 4492 quia
332 4416 552 4473 dedormitione
560 4415 655 4472 somni
665 4415 782 4471 diceret.
792 4415 874 4471 'l'unc
929 4435 943 4464 «
955 4411 1162 4480 etMariam,ut
1172 4411 1449 4468 consolarentureas
1460 4413 1495 4468 de
1505 4413 1591 4468 tratre
1603 4429 1666 4467 suo.
1679 4413 1754 4468 llar-

72 4524 82 4548 e
94 4520 148 4577 ergo
161 4506 230 4562 dixit
242 4508 286 4564 eis
302 4507 387 4563 lesus
397 4503 560 4562 manifeste.
572 4527 585 4553 n
595 4503 779 4561 Snbobscure
793 4503 871 4560 enim
888 4526 911 4592 D
928 4525 942 4552 a
958 4502 1008 4558 tha
1020 4505 1117 4556 eutem
1131 4505 1164 4556 ut
1173 4501 1284 4556 audivit
1295 4501 1365 4574 quia
1374 4500 1460 4557 lesus
1471 4499 1689 4569 venit,occurrit
1701 4499 1754 4556 illi.

72 4589 168 4660 dixerat,
185 4619 195 4644 ι
212 4595 333 4652 dormit.
350 4594 508 4666 »nitergo
525 4593 699 4649 manifeste:
929 4612 942 4642 «
961 4591 1052 4646 Maria
1067 4594 1165 4646 autern
1181 4589 1259 4645 dorni
1276 4590 1403 4646 sedebat.
1414 4589 1492 4646 Dixit
1506 4605 1573 4664 ergo
1589 4589 1704 4646 Martha
1719 4589 1755 4645 ad

97 4703 107 4729 n
122 4681 238 4740 lazarus
260 4699 331 4756 ergo
354 4687 488 4738 mortuus
514 4687 567 4749 est,
584 4685 613 4737 et
626 4680 738 4754 gaudeo
755 4687 873 4754 propter
931 4701 944 4730 u
961 4680 1063 4736 lesum
1081 4696 1087 4735 :
1105 4678 1238 4747 Domine,
1255 4677 1402 4736 siluisses
1422 4678 1479 4744 bic,
1493 4678 1583 4736 irater
1597 4695 1681 4734 meus
1697 4695 1756 4734 non

72 4789 82 4813 a
93 4783 134 4824 vos
147 4777 176 4826 nt
190 4773 325 4840 credatis,
335 4771 404 4845 quin
419 4787 477 4827 non
492 4786 572 4826 eram
586 4768 637 4826 ibi.
655 4793 669 4820 u
685 4775 770 4844 AEger
783 4772 872 4840 enirn,
930 4792 944 4819 rr
962 4769 1066 4825 luisset
1077 4773 1221 4824 mortuus.
1232 4767 1288 4824 Sed
1297 4771 1326 4824 et
1333 4783 1411 4825 nune
1419 4768 1489 4834 scio,
1499 4767 1756 4841 quiaquaecunque

73 4869 116 4912 non
134 4865 262 4918 mortuus
288 4861 383 4917 luerat
403 4859 565 4926 nuntiatus,
583 4859 634 4915 sed
659 4864 691 4914 ut
706 4859 809 4916 lateret
823 4859 874 4934 qui
929 4880 943 4908 ι(
960 4856 1128 4930 poposceris
1140 4873 1157 4912 a
1171 4860 1237 4921 Deo,
1249 4855 1331 4912 dabit
1341 4856 1394 4912 tibi
1408 4856 1518 4912 Deus->¹
1531 4855 1594 4911 Non
1608 4855 1691 4922 dlxii,
1704 4857 1756 4912 fied

73 4955 202 5018 enaverat,
217 4951 297 5008 etad
314 4949 399 5022 cnjus
414 4965 520 5006 manus
535 4948 635 5004 anima
659 4948 872 5006 morientisox-
928 4951 957 5002 et
973 4961 1041 5018 rogo
1057 4949 1085 5000 te
1109 4945 1194 5000 modo
1218 4949 1251 4999 ut
1277 4944 1403 5001 suscites
1426 4944 1545 5000 tratrem
1570 4960 1680 5000 meum·
1697 4943 1756 5000 Hoc

76 5029 138 5090 ierat.
152 5037 207 5094 lloc
224 5043 279 5106 est,
304 5039 381 5113 quod
398 5037 450 5105 ait,
466 5061 480 5088 «
497 5037 610 5112 gaudeo
635 5041 753 5111 propter
775 5056 827 5095 vos
842 5045 875 5096 ut
929 5039 1044 5091 tantum
1059 5033 1150 5088 dixit:
1169 5033 1228 5088 scio
1243 5033 1314 5106 quia
1327 5027 1410 5106 potes
1425 5033 1450 5089 si
1466 5033 1510 5089 vie
1521 5051 1527 5101 ;
1540 5037 1640 5090 utrum
1657 5037 1755 5090 autem

76 5123 177 5181 credatis
189 5127 256 5199 qnia
268 5145 326 5184 non
340 5125 381 5182 ibi
393 5143 485 5194 eram,
495 5127 596 5198 utjam
608 5125 770 5198 inciperent
781 5126 875 5183 admi·
930 5123 1030 5191 incias,
1043 5120 1148 5194 judicii
1165 5122 1205 5177 tui
1221 5125 1276 5188 eet,
1292 5139 1350 5178 non
1366 5122 1604 5196 presumptionis
1620 5139 1700 5178 mee.

76 5210 128 5276 teri,
142 5215 205 5286 quia
220 5216 361 5272 Dominus
378 5215 473 5289 potuit
497 5214 592 5271 dicere
618 5219 779 5280 mortuum,
797 5217 874 5289 quod
967 5233 981 5262 a
996 5212 1073 5268 Dicit
1086 5209 1128 5267 illi
1143 5209 1230 5266 lesus
1247 5227 1253 5266 :
1271 5210 1414 5284 Resurget
1428 5211 1517 5268 irater
1537 5215 1617 5267 tuus.
1635 5210 1709 5267 Dicit
1729 5212 1755 5267 ei

77 5309 115 5350 nec
127 5301 237 5372 viderat,
248 5321 300 5361 nec
310 5304 450 5361 audierat.
463 5301 516 5360 Ubi
528 5319 599 5359 sane
609 5303 780 5360 meminisse
792 5305 876 5362 debe-
931 5323 945 5352 u
960 5299 1074 5356 Martha
1087 5317 1093 5356 ε
1106 5300 1169 5354 Scio
1180 5299 1249 5371 qnia
1263 5303 1394 5373 resurget
1405 5300 1435 5355 in
1447 5299 1607 5356 novissimo
1619 5299 1677 5356 die.
1690 5321 1705 5349 ι»
1716 5303 1755 5355 De

78 5393 407 5460 nns,quodadhncetiam
417 5389 873 5465 ipsorum.discipulorunr,quiin
928 5387 979 5445 illa
994 5388 1205 5445 resurrectione
1220 5402 1323 5443 secura
1337 5405 1414 5458 srrm,
1428 5388 1465 5445 de
1480 5389 1535 5444 hac
1549 5389 1660 5444 incerta
1674 5405 1753 5444 eum.

77 5485 127 5527 enm
142 5493 194 5534 non
209 5480 398 5548 crediderant,
408 5478 558 5537 miraculis
572 5479 770 5536 edificabatur
783 5481 872 5538 fides:
966 5501 980 5530 u
997 5477 1070 5533 Dicit
1084 5477 1110 5531 ei
1125 5476 1212 5533 Jesus
1229 5491 1236 5530 ε
1257 5475 1315 5549 ligo
1331 5492 1397 5532 sum
1422 5477 1596 5533 resurrectio
1611 5481 1639 5532 et
1652 5476 1720 5530 vita.
1739 5497 1754 5524 »

78 5572 120 5615 nen
129 5569 435 5644 ntesseinciperet,sed
445 5569 656 5641 uteaquaejam
665 5576 872 5644 essecmpernt,
930 5569 1015 5636 Dicis,
1029 5568 1162 5638 resurget
1175 5563 1264 5622 frater
1279 5568 1347 5624 tuus
1364 5565 1393 5624 in
1406 5565 1563 5628 novissimo
1574 5565 1639 5632 die;
1653 5581 1753 5620 rerum
