3930 6172
89 347 139 408 itt
678 331 855 397 ltonllulAE
875 329 926 394 DE
948 329 1149 392 TEMPORE.
1708 321 1769 388 228

88 477 133 536 aiei
145 479 198 533 tue
211 493 228 533 a
241 473 459 532 conturbatione
474 469 640 538 bominum,
650 471 786 542 proteges
796 483 846 524 ona
857 465 886 521 in
901 465 928 534 Α
943 465 972 520 et
986 460 1079 519 liliam
1095 462 1132 518 ad
1147 461 1202 519 hec
1218 458 1548 536 apparuisse,quatenus
1558 457 1675 518 Domini
1689 457 1770 523 clari

85 565 256 626 labcmaculo
271 569 320 622 tuo
334 579 352 620 a
366 560 594 620 contradictione
614 557 782 632 linguarum
800 554 888 628 (Paul.
943 549 1070 610 iicatieni
1088 549 1291 609 testimoninm
1318 549 1516 625 perhiberent.
1532 547 1613 615 Quod
1635 563 1702 608 rere
1722 547 1769 608 de·

85 658 150 725 m).
168 654 223 710 »si
235 655 311 711 caim
327 651 468 728 populum
493 665 545 724 per
571 647 687 706 dasena
708 645 888 720 gradientem
943 637 1153 699 scandentibus
1166 639 1227 698 illis
1240 640 1277 697 de
1291 643 1390 696 moute
1406 639 1542 714 precepit
1556 639 1768 707 transilierunt

85 741 264 818 quadraginin
277 755 369 800 annes
380 737 522 798 columnis
532 735 756 796 obumbratione
766 731 891 808 preteriit
982 729 1124 786 «Nemini
1141 728 1274 787 dixeritis
1287 727 1536 796 visiansm,donec
1551 727 1631 786 filius
1641 727 1771 788 hominia

85 839 109 889 et
121 830 392 904 lucubratiuncula
401 829 497 902 magis
510 828 540 884 in
549 839 633 884 seram
643 825 733 882 vitam
749 827 890 897 receptos,
946 841 962 870 ιι
978 835 995 875 a
1008 819 1134 876 mortuis
1149 821 1294 892 resurgat.
1301 840 1314 868 ιι
1328 818 1457 891 Tempus
1473 819 1577 876 loturae
1592 816 1771 893 pradicatio·

85 921 177 980 electm
188 920 300 994 absquo
311 916 566 976 tabernaculorum
577 914 795 972 constructione
806 925 892 970 sern-
946 907 993 964 nir
1007 908 1147 964 insinuet.
1163 907 1286 964 Noverat
1313 907 1392 964 enim
1419 905 1536 982 tragiles
1549 925 1613 966 esee
1627 907 1772 982 apostolo·

86 1027 125 1066 rus
138 1009 234 1066 reddet
246 1009 393 1084 peniteret
406 1005 590 1066 munitosdd
603 1003 892 1061 instruendcsautem
947 1013 1013 1053 rum
1031 1000 1144 1054 monins
1158 997 1194 1054 nd
1210 999 1298 1054 tanta
1313 995 1434 1053 risionis
1456 995 1657 1054 testimonium
1674 995 1771 1072 perhi-

86 1105 183 1158 ureotce
196 1097 396 1172 apostolorum
409 1097 448 1152 de
469 1092 636 1168 cognitione
650 1091 811 1150 diuinitatis
827 1089 893 1146 uni·
948 1087 1285 1160 haedumqueaduequc
1294 1085 1422 1160 Spiritus
1437 1086 1530 1143 sancti
1546 1086 1641 1160 gratia
1657 1085 1772 1160 plenius

85 1187 160 1262 geniti
172 1187 234 1244 lilii
252 1185 313 1256 Del,
323 1183 524 1262 postdloysiot
534 1182 602 1239 ulia
612 1179 825 1250 testimonium,
839 1191 895 1238 vert
948 1175 1175 1247 instmrereutur,
1191 1181 1220 1232 et
1234 1175 1391 1249 perfectius
1405 1175 1775 1234 contortas-enturdiovcrat

87 1277 165 1334 Patris
191 1277 228 1332 de
256 1272 335 1332 nube
362 1269 565 1331 testimonium
595 1269 753 1345 perbibuit,
774 1269 894 1325 diceus:
950 1263 1214 1322 etiamcarnalium
1233 1263 1396 1320 mentesmi
1419 1263 1480 1320 hert
1496 1262 1682 1321 incredibiles
1697 1281 1774 1333 esre,

86 1363 320 1424 «retracturum
345 1375 429 1420 meas
453 1360 587 1418 dilectus.
604 1381 617 1411 n
634 1359 666 1416 ld
682 1362 744 1415 est:
762 1373 848 1432 quom
865 1357 895 1414 in
951 1353 1007 1411 niel
1023 1354 1106 1428 prius
1121 1369 1175 1412 sue
1191 1351 1301 1410 visibill
1319 1351 1529 1410 resurrectione
1543 1353 1580 1410 ad
1596 1354 1774 1412 credendum

86 1457 166 1512 forma
189 1452 320 1511 bortrinis
342 1449 491 1510 hominem
514 1447 645 1516 cernitis,
668 1447 717 1504 hic
746 1451 790 1504 est
805 1445 897 1504 ulnus
951 1447 1213 1500 commorerentur.
1230 1443 1266 1498 ut
1289 1441 1443 1498 ideohaoc
1468 1442 1610 1499 visionem
1635 1459 1694 1500 non
1711 1459 1775 1502 esse

86 1543 303 1602 meaedilectua.
321 1543 360 1598 de
376 1540 401 1596 si
417 1539 545 1596 diceret:
564 1537 615 1596 llic
639 1541 685 1595 est
707 1536 799 1594 Filius
814 1551 898 1592 nreua
953 1531 1070 1606 penitas
1085 1530 1238 1588 dicendam
1254 1530 1414 1604 prohibuit,
1430 1531 1481 1586 sed
1495 1535 1562 1588 ante
1588 1534 1776 1591 resurrectio·

86 1649 134 1690 nnn
147 1631 312 1706 adoptivus,
328 1629 380 1686 aad
401 1627 548 1702 proprius,
564 1643 623 1684 aon
639 1625 758 1683 aliunde
770 1629 897 1697 emetur,
953 1637 1020 1678 nem
1037 1621 1135 1678 dicere
1148 1619 1250 1688 vetuit,
1267 1623 1384 1693 tempus
1399 1619 1537 1677 ordinata
1559 1621 1776 1695 predicationis

85 1723 127 1780 red
141 1737 174 1778 ex
186 1737 233 1780 me
246 1716 426 1794 genitorem
439 1731 554 1774 mecum
567 1733 626 1772 unu
639 1719 684 1772 eat
698 1719 900 1788 porretanum
953 1709 1130 1767 ostendens:
1147 1709 1264 1781 quande
1279 1707 1450 1765 incredibile
1466 1725 1524 1766 non
1539 1710 1777 1786 videretur,qnod

85 1809 239 1868 snbrtmtia
252 1811 284 1866 et
300 1823 364 1867 una
374 1805 531 1862 eternitas.
548 1804 588 1862 Da
602 1821 661 1877 quo
676 1801 822 1860 subditur:
840 1825 854 1853 ιι
865 1802 897 1858 ln
915 1833 938 1900 fl
954 1797 1042 1856 etiam
1057 1797 1213 1854 visibiliter
1227 1813 1279 1871 per
1307 1797 1531 1856 resurrectionis
1555 1803 1664 1858 statum
1681 1819 1778 1860 mons·

85 1915 162 1972 «quo
177 1897 254 1955 milri
267 1895 442 1969 complacui.
461 1915 475 1945 ιι
498 1892 653 1966 Displicuit
677 1891 755 1948 enim
772 1896 827 1946 Deo
844 1891 898 1947 luu-
954 1888 1095 1944 trabatur.

86 2005 161 2044 arana
174 1992 292 2054 natura,
310 1981 579 2060 quande-pracepit
590 1980 670 2038 illins
685 1979 900 2057 prevaricatrirr
1230 2011 1383 2070 ΗΟΜΙΗΑ
1402 2013 1507 2070 XXXV·

86 2077 220 2152 meando
234 2073 499 2143 centenitatem
526 2073 590 2146 ipse
613 2069 655 2126 ait
665 2070 702 2128 nd
716 2069 787 2126 Noe:
805 2092 819 2120 ιι
836 2069 899 2126 Non

86 2165 256 2240 permanebit
272 2163 395 2238 spiritus
406 2161 529 2219 mensio
540 2159 659 2217 homine
670 2159 700 2216 in
712 2163 902 2228 alerannum

86 2257 153 2330 quod
168 2255 206 2314 sit
217 2271 299 2313 earo.
322 2253 446 2310 Poenitet
469 2267 517 2308 me
531 2249 634 2307 iecisse
661 2265 712 2306 eos
726 2248 802 2306 (Gen.
820 2253 868 2318 rr).
886 2271 901 2298 n
991 2243 1113 2314 (liter-ru.
1130 2245 1188 2318 xv.)
1205 2268 1217 2295 ιι
1233 2243 1264 2300 ln
1291 2243 1341 2302 illo
1371 2249 1501 2318 tempore
1517 2263 1524 2303 ε
1541 2247 1684 2322 Egressus
1713 2249 1781 2308 iude

87 2345 135 2402 Sed
147 2347 176 2402 in
190 2344 254 2402 salo
270 2342 431 2402 hlcdiatore
455 2340 505 2397 llei
527 2345 555 2396 et
576 2338 742 2402 hominurn,
757 2337 830 2393 bena
846 2337 902 2394 sibi
956 2355 971 2383 ιι
985 2332 1120 2400 lesua1de
1134 2331 1400 2402 Genesorlsecessit
1415 2353 1443 2409 pn
1460 2341 1558 2409 partas
1571 2337 1680 2412 Tyriul
1696 2339 1781 2398 Side-

87 2433 290 2508 complacuisse
299 2431 453 2502 dieitqnia
468 2435 618 2501 percnum
631 2428 708 2499 quod
721 2425 902 2482 divinitatem
957 2445 971 2472 ιι
989 2421 1042 2478 nis.
1074 2421 1106 2478 ur
1130 2437 1197 2479 ecre
1222 2422 1329 2481 mulier
1351 2423 1515 2483 Chonanaea
1543 2445 1560 2484 a
1588 2427 1699 2487 finibus
1722 2429 1784 2494 illis

88 2523 211 2590 lucraret,
229 2522 259 2578 in
271 2519 457 2576 humanitate
474 2531 531 2574 non
546 2516 669 2572 habuit:
686 2516 824 2589 quoniam
840 2531 906 2589 pec·
959 2527 1111 2584 regressa,
1128 2510 1274 2582 clamarit,
1289 2511 1390 2570 dicens
1403 2529 1410 2572 r
1428 2513 1564 2573 Miserere
1577 2517 1780 2590 meibomius,

88 2617 174 2668 calum
188 2625 247 2668 non
263 2609 399 2676 lectt,neo
416 2605 500 2664 darius
516 2606 651 2663 inuentus
665 2609 709 2662 est
723 2605 753 2660 in
769 2609 818 2662 oie
828 2607 902 2678 ejus.
959 2599 1780 2682 utiliiDavidemreliqunSuprnrelertcvangalicalectio,

89 2701 152 2756 Nam
166 2699 245 2773 qood
262 2698 307 2754 ait
321 2711 375 2754 vox
389 2700 511 2770 paterna
525 2695 561 2752 de
577 2693 665 2756 uitio:
685 2715 699 2747 ιι
713 2697 746 2750 ln
762 2708 820 2768 qun
831 2694 906 2752 mihi
959 2687 1086 2762 qualitor
1097 2688 1237 2747 Dominus
1248 2690 1416 2749 conflictum
1427 2709 1494 2750 cum
1506 2693 1695 2754 Phariaaiset
1705 2697 1781 2754 Stri-

89 2785 407 2862 cemplacui.»ldipeum
423 2781 469 2840 ost
484 2783 562 2857 quod
576 2783 645 2840 alibi
662 2781 752 2840 llilius
768 2787 905 2854 teatntur,
959 2778 1005 2834 bis
1020 2777 1166 2847 babnit‚ct
1181 2777 1239 2836 illis
1255 2797 1313 2837 non
1329 2781 1580 2850 credentibus,sed
1594 2785 1784 2858 insuperbla·

90 2879 177 2934 dicens
188 2876 252 2934 :ulit
269 2873 321 2949 qui
334 2889 381 2930 me
397 2871 607 2940 misiumucunr
618 2875 704 2939 estet
717 2889 775 2929 non
787 2872 906 2946 reliquit
959 2866 1335 2943 ephementibus‚egressus
1348 2870 1555 2939 inde‚seoessit
1570 2871 1599 2928 in
1613 2875 1785 2948 partes'lyri

90 2965 245 3033 mesolem,
267 2963 338 3038 quia
352 2979 416 3035 que
437 2959 544 3035 placita
567 2961 687 3029 suntet,
704 2960 777 3018 lecio
791 2977 908 3035 semper
960 2960 989 3014 et
1003 2955 1130 3014 Sidonis.
1152 2957 1245 3032 Tyrus
1272 2963 1414 3018 autemst
1442 2961 1533 3018 Sidou
1557 2961 1689 3022 civitates
1704 2962 1784 3024 luere

89 3057 165 3125 (lene.
180 3057 252 3124 rur).
275 3051 384 3110 eliano
394 3065 512 3124 quoque
532 3065 600 3107 rece
615 3047 719 3119 Petris,
734 3051 771 3108 ds
786 3067 819 3108 sn
834 3051 907 3106 dici-
961 3043 1127 3118 gentilium,
1144 3061 1208 3118 qun
1224 3047 1332 3120 pupulo
1346 3048 1514 3106 iudeorum
1526 3054 1604 3108 sorte
1618 3050 1692 3110 data
1704 3057 1783 3124 sunt,

91 3149 164 3200 rerer
180 3143 286 3218 ipsum
298 3139 461 3206 audite,›·ut
473 3139 572 3214 ipsum
587 3153 652 3196 esse
665 3137 906 3212 intelligeremus,
962 3133 1013 3190 ted
1029 3134 1065 3190 ab
1080 3133 1123 3190 et's
1139 3133 1260 3191 minime
1287 3153 1440 3208 possesse,
1456 3137 1526 3210 quia
1540 3139 1720 3198 habitatores
1734 3159 1784 3204 ea·

91 3229 374 3306 iaqumu-megene
391 3226 697 3300 inaratprophetntum
710 3227 797 3300 (Dent,
809 3231 906 3298 xrrnt:
922 3203 946 3272 G
962 3239 1028 3280 rum
1045 3223 1167 3280 minime
1181 3223 1409 3284 eredideruntlo
1422 3226 1598 3285 nordannim
1609 3229 1700 3288 maris
1711 3230 1786 3306 site,

94 3319 293 3394 «prophetam
321 3315 477 3374 suscitabit
491 3315 573 3373 vobis
601 3317 636 3372 de
652 3315 792 3374 iratribus
804 3319 911 3376 restria
963 3329 1021 3370 non
1038 3311 1119 3369 focile
1137 3314 1173 3370 ab
1187 3313 1322 3370 hostibus
1337 3315 1538 3387 capiunturlu
1551 3315 1606 3374 hae
1622 3318 1676 3384 luit
1686 3319 1785 3380 Hiram

93 3401 910 3483 unquamms,ipsumoudiotia,njuxtaomniaqurslocu·
964 3401 1787 3481 rexpotentissimus,quiSalomonislignaotlapidnsad

95 3500 136 3553 tua
148 3495 234 3554 merit
242 3493 379 3552 voblsllt
391 3492 489 3550 omnis
504 3493 553 3568 qui
571 3507 628 3552 non
648 3494 772 3551 audierit
785 3495 911 3570 prophe·
964 3491 1084 3548 demum
1101 3489 1216 3546 Domim
1238 3489 1440 3548 edificandam
1467 3495 1655 3567 praenituit
1669 3495 1730 3576 lieg.
1747 3497 1787 3570 r),

94 3588 144 3641 tam
156 3585 250 3654 illem,
271 3581 513 3640 exterminabitur
539 3582 575 3638 de
599 3581 692 3652 plebe.
718 3581 827 3640 Felices
843 3591 911 3660 ergo
965 3583 1067 3636 contra
1080 3595 1169 3652 quam
1184 3579 1315 3636 Ezechiel
1331 3579 1472 3654 propheta
1495 3581 1588 3640 multa
1614 3583 1729 3645 loeutus
1743 3589 1788 3643 est

94 3674 215 3746 apostati,
231 3671 287 3747 qul
303 3685 361 3728 aen
375 3669 472 3728 selum
496 3663 613 3728 Domini
637 3663 798 3729 claritatem
814 3673 912 3732 ridere
964 3667 1076 3742 (Euech-
1091 3667 1304 3740 xxvllhdieens
1316 3670 1478 3726 camsilem
1491 3686 1557 3729 esse
1579 3671 1609 3730 in
1625 3675 1711 3731 corde
1726 3691 1788 3734 rua·

95 3759 322 3830 mameranuscd
339 3759 431 3816 etiam
444 3772 541 3814 vocem
559 3757 654 3815 Patris
662 3757 844 3818 intonantem
860 3779 911 3820 aa·
965 3757 1016 3825 ris,
1030 3755 1139 3814 divitiis
1154 3755 1393 3829 locupletem,aed
1407 3758 1486 3816 vitiis
1501 3759 1662 3838 ploasmel
1676 3763 1711 3820 ad
1722 3764 1787 3835 ejus

95 3844 213 3908 direllee
227 3849 271 3907 ab
283 3847 341 3906 hac
356 3845 558 3903 solicitatores
572 3847 776 3906 extotnalleni
788 3849 909 3920 erimus,
965 3844 1193 3902 destructionem
1216 3845 1485 3904 Nabuchodonosor
1512 3865 1610 3924 regem
1630 3853 1787 3908 venturum

96 3938 116 3994 ri
128 3947 211 4012 mam
225 3937 273 3994 illi
290 3935 486 4004 crediderunt,
503 3938 533 3990 et
549 3949 603 3992 nes
617 3935 765 3994 credimus
777 3953 783 3994 τ
795 3942 824 3994 et
838 3953 911 4012 quo·
965 3933 1129 4007 prophetat.
1142 3933 1253 3989 Dicitur
1268 3939 1366 3990 autem
1383 3936 1477 4009 'l'yrus
1492 3935 1632 3994 asituval
1647 3938 1788 4012 qualitate

97 4028 172 4082 mede
185 4027 229 4084 ilii
243 4023 538 4090 uxamnttnrrande
551 4023 677 4080 vivimus
689 4029 729 4082 :et
743 4041 830 4100 quem
841 4026 912 4084 dile·
965 4020 1067 4087 locheri
1082 4020 1159 4094 quod
1175 4019 1304 4094 Tyrium
1320 4027 1364 4078 esi
1377 4023 1591 4096 prelioeissime
1606 4041 1737 4102 purpura
1746 4027 1787 4086 ibi

97 4117 188 4171 rerum
202 4112 277 4172 reus
289 4111 464 4178 visceribus,
477 4113 682 4170 emanasset
698 4113 768 4188 quia
782 4113 913 4172 humanu
965 4108 1136 4182 reperiatur.
1159 4107 1350 4166 inveniuntur
1377 4127 1493 4185 queque
1521 4111 1563 4169 ibi
1590 4113 1696 4188 plener,
1713 4130 1787 4188 quoa

97 4200 228 4276 fragilius
242 4201 362 4276 pondua
383 4199 546 4258 Divinitatis
571 4201 645 4258 larue
659 4215 717 4260 non
733 4202 819 4273 valet,
834 4209 913 4262 renea
966 4196 1119 4270 conchylia
1129 4196 1296 4270 vocant,qui
1311 4198 1387 4254 serre
1398 4197 1595 4273 ineisi‚guttas
1610 4202 1788 4276 sanguineas

98 4285 242 4348 subditur:
966 4284 1143 4352 mittentes
1157 4285 1266 4358 quibus
1281 4285 1408 4342 sericum
1419 4285 1552 4360 tingitur,
1565 4287 1601 4344 de
1616 4304 1674 4358 quo
1684 4287 1788 4361 pretio·

128 4396 141 4425 ιι
153 4377 188 4434 nr
200 4375 356 4434 annunties
381 4375 530 4449 discipuli,
553 4377 723 4436 ceciderunt
750 4379 781 4436 in
807 4379 912 4438 laniem
966 4373 1026 4430 aler
1040 4387 1169 4446 purpura
1182 4372 1299 4428 texitur.
1314 4375 1526 4446 interpretatur
1540 4378 1638 4432 autem
1648 4375 1742 4450 Tyrus
1756 4375 1789 4438 in

100 4483 111 4512 ι
124 4467 248 4532 suamet
261 4463 428 4521 timuerunt
441 4463 610 4522 ualoeused
627 4475 702 4540 quos
716 4467 847 4525 humana
858 4467 914 4526 ira·
966 4465 1068 4519 nostra
1081 4460 1182 4534 lingua
1195 4477 1253 4518 aera
1266 4463 1325 4530 lici,
1338 4461 1485 4536 significat
1498 4478 1592 4538 genus
1610 4461 1787 4532 humanum,

99 4549 186 4623 g'litaa
198 4552 350 4626 grauium,
358 4551 483 4626 benigne
497 4551 566 4626 pius
580 4555 722 4629 magister
734 4555 912 4626 consolatur,
927 4568 951 4635 D
967 4550 1045 4624 quod
1060 4553 1127 4607 ante
1143 4549 1409 4623 prevaricationem
1424 4550 1513 4626 primi
1526 4551 1655 4610 hominis
1669 4549 1789 4611 inserte

100 4639 216 4714 derigit
227 4639 319 4697 verbo
333 4637 442 4712 paritor
452 4644 482 4696 at
491 4639 666 4698 ceraunus
680 4647 709 4698 et
720 4644 911 4701 subinfertur:
966 4639 1017 4696 Dei
1033 4637 1152 4707 luitsed
1166 4642 1236 4696 tunc
1247 4640 1282 4696 de
1293 4641 1356 4714 ejus
1367 4644 1445 4697 sorte
1457 4639 1725 4714 discessit,quandn
1733 4640 1788 4714 pri·

129 4721 449 4786 «cremauerunt
467 4721 564 4802 tetigit
585 4741 636 4786 eos
649 4731 768 4790 meaos:
785 4731 913 4807 Sangus,
968 4743 1037 4786 mus
1051 4727 1139 4784 bomo
1154 4727 1292 4802 peccauit.
1310 4729 1450 4787 hominus
1465 4729 1647 4789 autemdues
1657 4729 1725 4803 Tyri
1735 4745 1789 4804 ap-

102 4833 113 4860 ι
127 4819 152 4870 at
164 4813 253 4874 nelits
267 4815 382 4873 duero
401 4817 582 4890 »tangendo
592 4831 661 4892 argo
672 4819 807 4878 timorem
818 4820 915 4894 expel-
968 4815 1185 4890 propinquavit,
1201 4819 1319 4892 quando
1333 4835 1384 4892 pro
1399 4818 1600 4891 redemptione
1612 4816 1791 4894 generishu·

101 4896 335 4969 tincturarum
348 4901 461 4971 tribuit
477 4901 547 4976 quia
558 4908 655 4962 tactas
668 4907 733 4980 mus
747 4909 860 4966 sanitas
871 4911 916 4966 eat
969 4904 1049 4962 mani
1060 4904 1092 4961 in
1107 4906 1252 4963 mundum
1268 4905 1504 4981 venit,quateuus
1519 4906 1617 4980 ipsum
1632 4905 1790 4982 genushu·

103 4988 172 5046 urbia
185 4995 344 5048 ararum.-
356 4991 394 5048 bt
407 4989 546 5064 quonum
557 4991 642 5065 juxta
652 4995 717 5066 ejrrs
727 5007 838 5062 rocem,
854 5011 915 5054 em·
969 4995 1142 5064 mariamne
1157 4999 1233 5052 eene
1248 4993 1355 5052 diaboli
1371 4996 1407 5052 ed
1418 4998 1528 5052 sortem
1538 5007 1623 5052 auam
1633 4998 1789 5064 reuocaret,

105 5075 144 5131 nit
157 5078 205 5152 gui
219 5091 252 5137 er
265 5077 405 5136 humiliat
418 5078 673 5144 ardurbarium.
688 5087 777 5153 mir),
791 5088 857 5156 post
871 5099 916 5141 ca·
968 5081 1090 5156 impleta
1104 5083 1257 5156 prophetia
1285 5101 1348 5157 que
1373 5083 1413 5140 ait
1435 5081 1505 5157 (Ora.
1532 5099 1552 5154 1,
1568 5099 1609 5154 u;
1624 5087 1702 5141 dom.
1718 5099 1763 5154 rx;
1778 5079 1793 5138 l

106 5167 597 5242 armsargrrelabentnnquoolam
612 5170 916 5242 postprasantuvrra
969 5174 1044 5226 Petr.
1061 5170 1111 5244 ul:
1137 5191 1151 5222 ι
1179 5169 1295 5228 vocabo
1324 5188 1382 5228 nou
1398 5170 1513 5246 plebem
1541 5185 1649 5242 meam,
1676 5169 1792 5246 plebem

106 5245 211 5310 laborer
229 5254 312 5312 abach
326 5255 364 5311 ad
385 5253 511 5330 giarium
538 5261 609 5314 runt
631 5257 819 5329 sublimandi,
831 5261 917 5331 Juxta
970 5271 1085 5314 meam:
1103 5263 1132 5314 ot
1146 5275 1204 5315 uon
1221 5259 1452 5317 misericordiam
1467 5265 1666 5327 consecutam,
1678 5257 1792 5316 miseri·

107 5334 170 5394 lul
196 5341 377 5400 Psalmiatm:
408 5365 424 5396 ιι
451 5343 568 5418 surgite
595 5349 753 5418 postquam
782 5347 916 5404 sederitis
970 5343 1099 5403 cordiam
1115 5351 1313 5404 consecutam.
1329 5349 1363 5405 ut
1379 5348 1451 5406 erit:
1468 5351 1501 5405 ln
1515 5347 1579 5406 loco
1608 5347 1658 5406 ubi
1681 5346 1793 5406 dictum

109 5423 184 5494 (Plel-
196 5433 331 5498 matu
969 5437 1032 5492 est:
1049 5433 1112 5492 Non
1128 5429 1211 5508 plebs
1226 5453 1361 5507 macros,
1377 5437 1418 5494 ibt
1440 5437 1518 5496 enim
1543 5437 1726 5495 vocabuntur
1740 5433 1794 5492 illil

139 5515 303 5577 «term
331 5521 429 5578 eutem
456 5521 557 5578 oculor
577 5537 658 5590 suos,
674 5521 822 5578 seminem
836 5522 916 5580 vids·
970 5521 1031 5580 Dei.
1049 5521 1113 5580 »ut
1129 5523 1254 5582 iterum:
1274 5525 1642 5596 «Postulnamcetdubn
1658 5523 1793 5600 tibigon·

111 5621 122 5652 ι
137 5594 266 5674 mutatui
279 5607 375 5668 solam
389 5609 524 5688 desumi>
540 5609 576 5668 llt
592 5609 787 5686 intelligerent
797 5611 916 5688 Moysen
970 5617 1015 5670 tes
1030 5611 1227 5674 hereditatem
1256 5619 1338 5678 tuem
1353 5609 1441 5696 (Prot.
1462 5615 1504 5680 u).
1522 5638 1536 5668 ιι
1566 5611 1599 5674 lit
1613 5617 1714 5690 gentes
1729 5621 1793 5688 qun

1074 2117 1213 2158 DOMllthA
1232 2117 1358 2160 SECUNDA
1378 2119 1407 2158 ΙΝ
1427 2117 1659 2172 ΟῙΙΑΒΗΜΕΒΙΜΛι
