3930 6172
115 259 165 327 m
305 285 311 292 ·
699 249 877 318 llOlllllAE
897 249 948 315 DE
970 251 1168 320 TEMPORE.
1728 255 1787 322 2¹18

114 391 230 467 estquod
244 390 385 466 tangendo
400 388 910 462 sentimus.lstisitaqueoornulibus
925 391 950 458 Α
967 389 1035 445 bero
1051 390 1294 459 connubium,sed
1304 389 1787 468 orrordiaholipotiundominatur,

114 483 225 560 quinquo
238 479 369 538 sensibus
384 479 693 554 primahominisrstas
703 478 855 548 imbuitur,
864 495 912 534 ne·
966 477 1016 550 qui
1032 481 1060 534 ιε
1075 478 1239 536 adulterina
1254 479 1500 540 contaminatione
1509 481 1680 556 corrumpit.
1691 479 1789 538 littor-

113 572 229 630 cessitate
243 573 349 626 natura
365 568 515 628 mortalis:
532 568 601 642 quia
615 568 657 624 ita
671 572 737 642 post
760 571 912 639 peccatum
966 571 1044 624 tasse
1059 567 1292 642 intelligentibus
1307 569 1790 646 indicaret,quinquevirorumno·

110 659 185 737 primi
200 658 321 717 hominis
336 659 397 716 nati
414 675 529 732 sumus,
539 662 573 714 ut
581 658 712 714 nondum
724 657 837 713 reddita
848 655 913 713 luce
968 657 1057 724 mine,
1074 657 1232 729 significari
1248 660 1378 732 quinque
1393 666 1569 718 memoratos
1584 660 1714 733 corporis
1724 676 1790 718 sen·

111 749 212 816 mentis,
225 747 392 804 caanalibus
407 741 543 804 sensibus
558 746 658 814 dediti,
669 745 815 802 carnalem
824 745 913 800 vitam
968 761 1029 801 sus.
1041 745 1385 820 Postqninquscarnales
1393 749 1609 823 responsiones,
1621 749 1678 806 ista
1686 747 1793 806 mulier

109 839 162 898 sine
177 836 370 895 ulloveritatis
394 835 586 910 intelligentia
609 840 803 892 transeemur.
830 831 915 890 Tales
968 839 1049 890 sexta
1063 836 1401 907 responsionenominat
1421 837 1580 896 Christum.
1603 838 1676 894 Nam
1698 838 1794 911 prima

108 943 211 986 necesse
224 931 267 982 est
280 942 344 982 esse
358 925 496 993 inientes,
512 929 540 981 ει
559 923 696 998 parvulos
720 940 836 998 pueros,
863 921 914 995 qni
969 924 1033 996 ejus
1048 924 1199 997 responsio
1214 929 1271 982 est:
1290 947 1304 980 s
1321 928 1364 983 Tu
1380 928 1497 986 cumeis
1509 928 1639 996 iudaeus,
1648 927 1794 1000 quomodo

108 1017 222 1075 nondum
237 1019 361 1088 possunt
372 1015 503 1088 accipere
518 1013 671 1072 rationem.
686 1013 722 1070 Et
737 1011 807 1086 quia
828 1016 915 1068 natu·
969 1029 1048 1070 ame
1063 1013 1162 1070 bibere
1177 1015 1273 1087 petis?
1289 1038 1303 1066 ε
1319 1015 1467 1073 Secunda:
1484 1041 1498 1068 κ
1510 1017 1643 1084 Domine,
1659 1016 1793 1088 usquein

107 1107 171 1164 reles
185 1112 251 1174 sunt
266 1103 314 1161 isti
329 1121 445 1172 sensus,
462 1103 511 1176 qui
527 1103 653 1177 primam
673 1106 788 1158 etatem
799 1105 914 1176 regunt,
971 1118 1028 1174 quo
1043 1102 1164 1159 hunnine
1178 1103 1279 1170 habes,
1294 1109 1324 1161 ει
1346 1110 1452 1178 puteus
1473 1105 1552 1162 altus
1576 1109 1629 1164 est.
1648 1128 1662 1157 ε
1678 1104 1792 1162 Tertia:

109 1201 131 1252 ει
143 1200 194 1252 Deo
208 1193 318 1251 artifice
340 1192 425 1250 uobis
449 1191 554 1249 tributi
575 1196 654 1260 sunt,
677 1195 754 1248 recte
778 1189 918 1246 dicuntur
971 1215 984 1240 ι(
1000 1191 1134 1260 Domine,
1149 1193 1188 1248 da
1203 1193 1274 1248 mihi
1289 1193 1365 1251 hanc
1380 1211 1498 1267 aquam,
1515 1193 1794 1265 utnonsitiam‚na·

109 1285 183 1341 iidem
198 1281 305 1350 mariti,
322 1285 463 1354 tanquam
477 1280 611 1354 legitimi.
628 1280 771 1346 Quoniam
794 1296 917 1336 nonnos
972 1297 1028 1354 quc
1044 1282 1158 1338 veniam
1179 1282 1237 1338 huo
1264 1282 1393 1340 haurire.
1412 1307 1423 1335 ι
1441 1286 1566 1351 Quarta:
1583 1307 1597 1334 α
1613 1283 1676 1340 Noa
1700 1283 1793 1340 habeo

107 1390 204 1430 errores
218 1371 290 1428 vitio
303 1369 431 1444 propriu,
447 1369 499 1426 sed
514 1369 563 1426 Dei
579 1369 702 1426 artissoio
727 1373 833 1426 notura
847 1386 917 1425 con·
971 1371 1077 1426 virum.
1096 1393 1109 1420 ε
1125 1370 1246 1438 Quinta:
1259 1395 1274 1421 «
1290 1371 1380 1428 Video
1396 1373 1465 1444 quia
1479 1372 1621 1446 propheta
1636 1390 1668 1430 es
1683 1377 1725 1442 tu,
1742 1389 1794 1446 pa-

106 1461 203 1519 tribuit.
218 1459 294 1518 Cum
311 1463 408 1516 nutem
424 1458 552 1533 quisque'
564 1459 675 1516 venerit
689 1460 725 1516 ad
740 1464 855 1516 natatem
870 1475 918 1514 ou·
972 1465 1031 1516 tres
1046 1461 1137 1516 nostri
1152 1459 1183 1516 ia
1199 1463 1298 1516 monte
1312 1460 1366 1518 hcc
1379 1462 1582 1518 adoraverunt.
1599 1483 1613 1514 n
1639 1461 1712 1518 Nam
1737 1461 1795 1520 isia

103 1553 144 1624 jus
158 1551 212 1608 vita
226 1549 322 1624 possit
335 1565 427 1622 capsa
441 1565 505 1606 esse
520 1547 651 1618 rationis,
662 1547 686 1604 si
697 1549 848 1631 veritatem
859 1551 918 1604 sta·
973 1550 1124 1622 responsio
1139 1549 1264 1606 carnotis
1277 1554 1331 1606 est.
1347 1549 1521 1608 Consulibus
1534 1551 1613 1606 enim
1629 1550 1716 1608 datus
1732 1549 1794 1608 lue·

106 1641 150 1697 tim
164 1638 411 1712 comprehendere
426 1637 543 1710 poterit,
560 1655 618 1694 non
631 1639 693 1710 jam
708 1637 767 1693 illis
782 1636 919 1694 sensibus
973 1642 1018 1694 rat
1030 1636 1112 1694 locus
1126 1642 1260 1694 terrenus
1274 1637 1324 1695 ubi
1348 1644 1480 1695 urerent:
1505 1639 1673 1712 spirituales
1697 1644 1796 1697 autam

105 1729 253 1787 rectoribus
270 1731 380 1794 utetur,
397 1725 920 1801 sedhabebitvirumspiritumrntio·
935 1763 958 1828 B
974 1727 1077 1800 spiritu
1093 1731 1122 1782 et
1135 1726 1703 1785 veritateoraturoscsseDominusdixit.
1714 1728 1796 1796 Quod

105 1816 257 1887 salemoni
266 1833 375 1874 sensus
384 1815 485 1872 illosin
495 1814 669 1872 famulatum
678 1816 791 1890 redigat
799 1815 919 1872 servitu·
973 1821 1164 1890 posteaquam
1180 1816 1297 1872 locutus
1312 1820 1366 1885 ost,
1381 1821 1463 1874 sexta
1477 1816 1610 1874 mulieris
1633 1817 1795 1890 responsio,

103 1908 143 1980 tis,
157 1906 321 1980 subjiciens
335 1922 441 1979 corpus
457 1922 545 1962 suum
561 1921 628 1962 cum
644 1905 754 1975 anima,
778 1921 836 1961 non
856 1905 918 1976 J'am
973 1905 1121 1962 Christum
1136 1905 1243 1962 latetur
1256 1903 1389 1962 omnium
1400 1906 1550 1977 justorum
1566 1921 1630 1962 esse
1638 1906 1797 1972 doctorem.

101 1997 162 2055 viris
174 1993 404 2071 quinque,idest
412 1995 543 2068 quinque
550 1994 919 2068 corporeissensihus,qui-
974 1994 1049 2052 Dicit
1064 1993 1157 2052 enim:

101 2087 146 2144 bes
159 2086 283 2144 subdita
296 2088 356 2142 cst:
371 2085 422 2141 sed
437 2083 558 2140 verbum
574 2083 705 2140 divinum
721 2083 810 2140 hahet
825 2082 920 2157 legiti·
1010 2107 1024 2134 a
1039 2083 1104 2141 Soio
1120 2084 1189 2157 quia
1204 2083 1327 2142 Messias
1343 2081 1429 2152 venit,
1447 2083 1496 2158 qui
1522 2084 1630 2142 dicitur
1654 2084 1797 2141 Christus.

102 2192 174 2234 uum
186 2175 298 2242 virum,
314 2172 361 2229 oui
373 2171 509 2245 copulata
522 2177 567 2228 εει
581 2171 736 2240 inhaerens,
746 2187 813 2228 cum
821 2176 850 2229 ει
859 2171 921 2245 ipse
977 2195 991 2224 ε
1007 2174 1080 2230 Cum
1094 2190 1163 2246 ergo
1178 2172 1299 2241 venerit,
1314 2171 1364 2229 ille
1378 2173 1463 2230 nohis
1477 2173 1799 2231 annuntiabitomnis.»

101 2265 211 2338 spiritus
222 2261 361 2320 hominis
376 2259 492 2318 laeserit
507 2261 639 2330 Christo;
658 2283 669 2313 a
686 2260 756 2334 quia
770 2260 922 2336 caputviri
976 2264 1031 2322 Sed
1044 2262 1141 2320 adhuc
1152 2266 1240 2331 errat,
1257 2261 1327 2334 quis
1340 2279 1407 2319 aum
1424 2279 1510 2336 quem
1525 2265 1798 2336 venturumspcroi,

102 2349 923 2424 Christusosb»amplexusspiritunlieaternaevitae,sine
975 2353 1090 2410 venisse
1105 2369 1163 2408 non
1178 2351 1266 2408 videt.
1289 2352 1496 2409 Verumtamen
1520 2352 1721 2410 misericordis
1746 2354 1801 2410 Do·

102 2443 153 2500 ullo
166 2440 366 2517 separationis
375 2439 478 2497 timore
488 2439 656 2512 perfruitur,
667 2440 923 2514 utaithpostolus:
978 2442 1050 2499 mini
1077 2458 1155 2499 nune
1183 2457 1264 2497 error
1292 2441 1356 2510 iste,
1387 2445 1528 2515 tanquam
1558 2442 1673 2500 adulter
1701 2441 1801 2516 expel-

102 2533 190 2600 «Quis
204 2548 265 2588 nos
278 2545 413 2602 separare
427 2529 533 2603 poterit
546 2528 825 2586 acharitatachristi
835 2531 921 2601 (horn.
977 2531 1056 2588 litur.

99 2622 172 2691 rapt
188 2645 202 2671 n
217 2617 410 2687 subauditur,
426 2616 509 2674 nulla
518 2634 575 2674 res.
589 2618 646 2675 Sed
656 2618 795 2692 quoniam
804 2618 925 2674 illamu·
1014 2644 1029 2672 a
1043 2621 1119 2676 Dicit
1133 2620 1158 2676 ei
1173 2621 1277 2677 lesus:
1294 2620 1353 2692 llgo
1369 2637 1434 2676 sum
1462 2620 1512 2692 qui
1536 2620 1641 2694 loquor
1662 2625 1770 2679 tecum.
1787 2643 1802 2674 ε

100 2707 423 2774 liererroretenebatur,
438 2725 502 2780 qnae
512 2705 923 2780 significabatmultitudinem
979 2713 1040 2778 Quo
1054 2709 1164 2778 audito,
1181 2708 1231 2764 illa
1246 2725 1302 2766 non
1317 2709 1479 2782 respondit,
1495 2709 1546 2766 sed
1571 2709 1672 2766 statim
1704 2710 1805 2767 relicta

101 2799 191 2856 seculi
206 2797 302 2856 variis
317 2795 577 2870 superstitionibus
593 2797 758 2870 subjugari,
774 2801 840 2870 post
851 2802 925 2856 tem-
979 2799 1083 2874 hydria
1096 2816 1161 2868 sua,
1177 2798 1249 2854 obiit
1262 2797 1293 2854 in
1304 2797 1451 2854 civitatem
1467 2797 1621 2870 iestiuuns,
1633 2803 1665 2854 ut
1675 2799 1804 2872 Evange-

102 2906 163 2962 pora
177 2887 227 2944 illa
246 2884 380 2959 quinque
393 2885 822 2958 carnaliumsensuumquibus
831 2885 926 2958 prima
979 2889 1052 2945 lium
1063 2893 1091 2944 ct
1107 2887 1221 2944 Domini
1237 2887 1393 2943 adventum
1410 2903 1469 2944 non
1480 2888 1740 2957 tantumcrederst,
1752 2888 1804 2945 sed

82 2981 163 3032 ‘etas
178 2977 221 3048 (ut
236 2974 385 3044 diximus)
399 2974 519 3047 regitur,
536 2991 594 3031 non
609 2991 643 3032 ea
654 2976 774 3032 verbnm
788 2976 837 3032 Dei
849 2992 927 3032 acoe-
981 2979 1068 3035 etiam
1085 2976 1264 3050 predicaret.
1281 2976 1339 3032 Nec
1354 2975 1408 3031 hoc
1420 2969 1805 3049 quod,relictahydrio,dis·

102 3071 174 3138 perat
189 3065 217 3122 in
234 3063 423 3138 conjugium,
440 3063 928 3136 sedcomplexuadulterinodiabo·
982 3067 1080 3136 cessit,
1098 3064 1278 3139 negligenter
1304 3064 1539 3137 preetercundum
1555 3069 1609 3122 εει.
1628 3063 1734 3138 Hydria
1747 3065 1804 3122 ior·

101 3153 142 3210 lus
156 3172 220 3212 eam
236 3153 402 3210 obtinebat.
419 3157 521 3226 ltaque
537 3152 578 3208 illi
591 3153 926 3222 Dominusdicit‚videns
942 3132 964 3200 G
982 3162 1060 3214 tasse
1074 3155 1152 3212 enim
1167 3169 1298 3211 amorem
1314 3151 1411 3210 saeculi
1428 3153 1518 3226 hujus
1538 3152 1694 3226 significat,
1715 3153 1745 3211 id
1761 3158 1807 3211 est

102 3260 160 3300 eam
170 3261 236 3301 esse
256 3240 448 3310 carnalem,id
463 3245 507 3298 est
521 3242 678 3300 carnaliter
693 3260 805 3316 sapere:
815 3244 926 3314 «Vade,
983 3245 1184 3318 cupiditatem,
1200 3242 1269 3316 qnia
1284 3240 1807 3316 sibihominesdetenehrosaprolnn·

106 3350 169 3390 voca
185 3333 287 3390 virum
304 3335 399 3400 tuum,
415 3335 444 3388 et
458 3331 521 3388 veui
545 3332 613 3402 huo,
629 3355 643 3382 »
659 3332 687 3388 id
704 3338 748 3389 est
772 3339 929 3390 removete
983 3336 1084 3406 ditate,
1099 3335 1184 3406 cujus
1207 3332 1367 3404 imaginem
1392 3334 1498 3406 puteus
1523 3330 1608 3406 gerit,
1633 3332 1688 3389 hoo
1711 3335 1756 3390 est
1771 3332 1806 3389 de

105 3423 136 3479 ab
151 3422 308 3480 allectione
324 3419 444 3490 cunali,
471 3421 501 3476 in
525 3437 583 3494 qua
598 3439 676 3478 nuno
702 3421 863 3480 constituta
886 3440 929 3490 es,
984 3430 1100 3482 terrena
1123 3421 1341 3480 conversatione
1368 3420 1509 3477 hauriunt
1532 3419 1720 3495 voluptatem,
1749 3437 1808 3494 qun

106 3513 175 3569 cnde
191 3530 254 3569 oon
270 3515 354 3584 potes
369 3509 528 3584 intelligere
544 3528 607 3584 quae
623 3511 735 3584 loquor.
753 3513 787 3568 Ει
802 3529 872 3569 voca
886 3512 930 3567 vi·
985 3518 1131 3588 percepta,
1146 3512 1252 3568 iterum
1277 3511 1308 3566 in
1331 3511 1395 3581 ejus
1419 3510 1581 3584 appetitum
1605 3509 1807 3578 inardescant3

105 3619 165 3658 rum
181 3607 283 3668 tuum,
300 3597 699 3674 idestspirituintclligentioe
714 3618 841 3673 presens
857 3605 930 3658 esto.
986 3604 1063 3660 sicut
1077 3604 1112 3659 de
1127 3618 1204 3673 aqua
1219 3599 1270 3656 illa
1284 3600 1334 3672 qui
1350 3599 1466 3668 biberit,
1476 3599 1681 3656 siti-etiterum.
1694 3599 1811 3672 Oporte-

106 3691 233 3748 Cstenim
242 3688 799 3762 animaquasimaritusqnodammodo
811 3690 932 3764 spiritus
987 3693 1037 3749 bnt
1051 3695 1150 3747 autem
1168 3687 1810 3757 utChristocrcdenssaeculorennntiarst,et,

106 3779 239 3850 bominis,
260 3777 312 3851 qui
328 3777 485 3834 animalem
492 3777 673 3836 allectionem
681 3783 821 3851 tunquam
831 3781 932 3852 conju·
988 3780 1088 3838 roliotn
1103 3777 1217 3852 hydria,
1233 3777 1422 3850 cupiditatem
1434 3776 1602 3834 saecularem
1619 3793 1651 3834 se
1659 3775 1813 3850 reliquisse

107 3886 166 3942 gem
181 3867 273 3943 regit:
292 3884 351 3922 non
367 3865 416 3922 ille
430 3866 558 3940 Spiritus
573 3873 704 3936 sanctus,
714 3868 763 3940 qui
776 3869 934 3924 cumPntre
989 3873 1175 3933 monstraret,
1192 3884 1249 3923 uon
1266 3866 1362 3923 solum
1378 3867 1464 3923 eorde
1479 3867 1643 3924 credonead
1651 3865 1813 3938 Justitism,

107 3954 933 4030 eti'ilioincommutabiliterdatur‚sedspiritushominiS,
989 3957 1142 4015 sedetiam
1159 3957 1195 4014 od
1212 3955 1337 4012 salutem
1352 3973 1401 4012 ore
1417 3956 1669 4028 oontessuroquod
1681 3955 1813 4013 credidit.

109 4047 140 4102 do
155 4065 212 4120 quo
226 4043 738 4120 Apostolnsdicis:«Nemeseitquid
754 4046 935 4102 estinhomi-
995 4047 1098 4104 allicit
1113 4045 1191 4102 onim
1208 4044 1329 4100 mulier:
1347 4042 1479 4111 Domine,
1495 4043 1578 4100 video
1593 4043 1663 4116 quia
1673 4044 1816 4117 propheta

109 4153 150 4204 ne,
166 4137 222 4194 nisi
241 4133 368 4208 spiritus
382 4133 512 4190 hominis
527 4129 578 4206 qui
594 4138 638 4189 est
651 4132 681 4188 in
697 4151 730 4189 eo
746 4137 771 4203 (l
787 4134 846 4190 Cor.
863 4139 903 4202 n).
922 4158 935 4186 ε
992 4161 1007 4190 ε
1021 4155 1053 4194 es
1069 4142 1111 4193 tu.
1130 4158 1144 4185 »
1158 4132 1551 4206 Cmpitvenirevir,nondum
1562 4131 1817 4203 plenavenit,quia

109 4225 176 4280 Nam
193 4224 245 4282 ills
263 4223 391 4296 Spiritus
406 4226 536 4290 sanctus,
554 4221 678 4294 spiritus
693 4222 744 4278 Dei
758 4230 812 4292 est,
828 4227 936 4296 dequo
991 4225 1164 4301 prophetam
1179 4222 1337 4278 Dominum
1353 4221 1475 4291 putavit.
1488 4220 1554 4274 llrnt
1569 4219 1687 4291 quidem
1704 4223 1732 4274 et
1747 4234 1816 4291 pro·

110 4311 213 4371 iterum
231 4311 321 4368 dicit:
338 4333 353 4362 a
369 4310 414 4366 Sic
430 4315 458 4367 et
473 4328 537 4384 qum
553 4311 603 4367 ilci
620 4315 691 4368 sunt
702 4328 787 4367 nemo
803 4313 868 4381 soit,
881 4311 938 4370 nisi
992 4316 1089 4388 pheta,
1107 4329 1174 4368 nam
1190 4311 1226 4368 de
1240 4308 1337 4381 seipso
1353 4309 1410 4364 ait:
1425 4331 1439 4359 «
1455 4307 1518 4363 Non
1533 4313 1579 4364 est
1593 4305 1736 4380 propbeta
1753 4304 1816 4362 sine

111 4401 238 4476 Spiritus
256 4399 316 4457 ttei.
331 4421 346 4449 ε
362 4397 415 4455 Ηίε
429 4416 496 4474 orgo
512 4399 634 4472 spiritus
650 4397 854 4456 hominiscom
870 4418 939 4474 pra·
992 4405 1113 4468 honore,
1131 4400 1187 4458 nisi
1202 4399 1233 4454 in
1249 4396 1343 4471 patria
1356 4415 1411 4454 sun
1424 4395 1516 4468 (idere,
1534 4398 1582 4465 vr).
1601 4417 1616 4447 o
1632 4399 1703 4451 item
1719 4395 1755 4452 de
1767 4392 1816 4450 illo

112 4507 175 4548 sens
189 4497 247 4558 est,
265 4489 295 4549 id
311 4493 357 4546 ost
371 4487 513 4556 intentus,
530 4493 559 4545 ει
573 4505 604 4545 εε
619 4488 726 4561 pietate
741 4488 859 4560 subjicit
870 4495 937 4554 Deo,
954 4503 977 4570 p
992 4493 1103 4550 dictum
1119 4501 1160 4546 εει
1177 4490 1212 4544 ad
1230 4487 1362 4561 Moysem
1374 4483 1819 4564 «Prophetameissuseitabode

113 4579 247 4654 intelligit
263 4579 431 4650 homoque
448 4576 801 4651 spiritualiterdiountur;
813 4595 881 4634 oum
892 4596 940 4634 au·
995 4575 1393 4638 l1·atribnsoorumsimilem
1418 4575 1461 4631 tui
1476 4575 1564 4644 (licut.
1586 4573 1678 4644 nvnc).
1697 4596 1713 4623 u
1732 4573 1818 4630 Simi-

114 4671 168 4724 tem
183 4667 297 4725 diaboli
317 4683 408 4734 error,
424 4671 566 4739 tanquam
590 4667 712 4723 ahsente
736 4666 896 4736 intellectu,
910 4668 939 4723 in
994 4671 1052 4728 lem
1068 4669 1179 4726 scilicet
1194 4667 1231 4724 ad
1242 4666 1366 4723 lormom
1381 4663 1489 4730 cornis,
1506 4681 1563 4719 non
1579 4664 1615 4720 ad
1629 4659 1820 4720 eminentiam

114 4755 209 4813 anima
224 4755 406 4825 dominatur,
423 4754 539 4813 adulter
552 4761 605 4813 est.
624 4779 638 4807 s
651 4755 730 4812 Voce
740 4773 808 4828 ergo
824 4755 941 4830 (inquit)
996 4749 1821 4832 majestatis.ErgoinvenimusDominumJesumdictum

114 4845 207 4902 virum
223 4850 321 4904 tuum.
340 4868 353 4894 u
370 4845 399 4900 id
410 4843 721 4919 eatspiritum,quiest
736 4845 765 4900 in
781 4849 886 4918 te‚quo
896 4861 945 4919 pc-
997 4849 1180 4923 prophetam.
1196 4844 1320 4902 Proinde
1330 4844 1394 4914 jam
1411 4859 1468 4898 uon
1486 4841 1611 4898 multum
1626 4843 1704 4897 errat
1718 4838 1824 4896 mulier

114 4939 168 4990 test
183 4935 275 4991 homo
290 4931 453 5008 intelligere
469 4932 643 5008 spiritualia.
659 4933 825 4990 Sieumlux
839 4933 942 4990 verita·
998 4938 1063 4994 ista.
1081 4935 1212 5003 «Video,
1231 4955 1245 4983 u
1270 4931 1377 5004 inquil,
1403 4953 1416 4980 ε(
1433 4929 1503 5002 quia
1523 4929 1668 5004 propheta
1690 4945 1723 4986 0⁸
1746 4932 1790 4985 lu·
1809 4951 1823 4978 »

116 5023 152 5079 tis
167 5023 338 5091 illustret,et
353 5023 415 5098 ipse
429 5023 515 5091 adsit,
527 5022 677 5096 colloquar
689 5022 795 5092 tibi,ut
810 5023 945 5096 spiritua·
1002 5025 1110 5099 Incipit
1124 5025 1219 5080 virum
1248 5020 1413 5078 adulterum
1438 5019 1601 5088 excludere,
1625 5019 1743 5092 quando
1769 5017 1823 5076 ait:

116 5111 172 5168 lem
197 5129 310 5185 aquam
336 5111 432 5186 possis
458 5112 599 5186 accipere.
625 5113 661 5168 Ει
683 5128 751 5168 cum
778 5111 839 5183 illa,
856 5135 868 5162 a
887 5129 945 5169 non
1001 5139 1016 5168 a
1031 5115 1121 5171 Video
1138 5112 1207 5186 quia
1221 5109 1363 5184 prophete
1386 5125 1418 5164 es
1433 5114 1475 5177 tn,
1492 5132 1506 5160 ε
1523 5114 1553 5166 ει
1574 5107 1678 5183 incipit
1698 5121 1827 5181 quarere

118 5199 224 5268 habeo,
241 5224 254 5252 r
280 5203 332 5268 ait,
349 5225 363 5252 a
388 5201 495 5270 virum,
520 5201 605 5268 bone,
622 5224 636 5252 n
660 5199 767 5273 inquit,
793 5224 806 5250 ε
835 5201 945 5273 dixisti,
1001 5205 1079 5278 quod
1095 5202 1175 5258 illam
1192 5199 1304 5256 solebat
1319 5213 1444 5255 movere.
1460 5197 1828 5272 Contentiuquippeluerat

119 5290 252 5364 quinque
267 5291 346 5348 enim
358 5291 434 5348 viros
442 5291 583 5358 habuisti,
595 5313 609 5340 »
619 5289 647 5346 id
656 5290 947 5363 estquinquesensus
1002 5294 1077 5351 inter
1092 5289 1292 5346 Samaritanus
1307 5291 1335 5343 et
1349 5287 1477 5355 Judaeos,
1494 5287 1665 5360 quietudaei
1675 5288 1705 5343 in
1717 5285 1827 5358 templo

121 5379 219 5434 curnis
235 5379 264 5434 in
280 5381 374 5453 prima
389 5382 471 5435 etate
487 5383 625 5435 rexerunt
639 5383 676 5447 te,
693 5402 707 5428 c
724 5383 753 5434 ot
768 5396 846 5434 nunc
861 5397 948 5452 quem
1003 5401 1020 5440 a
1036 5381 1190 5438 Salomone
1206 5376 1346 5444 fabricato
1357 5377 1693 5434 adorabantborninnm.
1704 5373 1829 5432 Samari·

121 5465 226 5534 habes,
244 5485 299 5525 nnn
315 5473 361 5526 est
375 5473 445 5526 tuus
460 5469 513 5538 vir,
531 5468 738 5541 »quianonest
753 5467 781 5522 in
791 5469 950 5542 tespiritus
1004 5468 1076 5537 tani,
1093 5467 1179 5541 longe
1192 5467 1261 5523 inde
1276 5464 1374 5538 positi,
1394 5483 1451 5522 non
1466 5466 1496 5521 in
1512 5483 1545 5522 eo
1561 5463 1780 5522 adorabantllx
1794 5475 1827 5516 eo

123 5555 173 5626 qui
188 5555 332 5632 intelligat
347 5563 449 5627 Deum,
466 5574 534 5616 eum
550 5574 608 5629 quo
624 5554 788 5630 legitimum
809 5562 890 5630 potes
902 5557 951 5615 ha·
1004 5557 1099 5617 iudaei
1115 5555 1250 5612 meliores
1265 5571 1329 5612 esse
1345 5553 1532 5625 latabantur,
1547 5554 1616 5626 quia
1630 5546 1829 5622 intempload-
