3930 6172
187 243 280 337 ιιι
500 235 705 304 naraon-rs
726 233 999 300 sansnnsrar.
1022 229 1145 298 nerse.
1168 229 1255 296 oea.
1279 231 1381 298 rans
1403 232 1635 300 rn-aorun
1826 239 1872 305 ru

220 393 310 454 quem
325 376 430 438 obnixe
444 379 564 450 rogatus
574 373 698 446 judicat.
709 371 767 428 Nos
779 367 921 435 videlicet,
934 385 987 425 nos
1002 373 1045 441 tp·
1060 375 1085 442 Α
1100 367 1179 425 minc
1190 366 1288 432 solerti
1294 385 1463 442 pensemus,
1476 385 1567 442 neque
1576 369 1649 425 enim
1659 370 1820 444 reprehendit
1834 392 1875 430 nes
1931 399 1932 440 ι

212 466 461 544 piceinstituens,
474 467 506 520 ut
514 479 581 520 cum
593 457 729 534 quaelibet
739 458 938 533 proximorum
952 461 1048 512 errata
1101 472 1151 514 cor
1165 461 1300 513 nostrum
1315 457 1345 512 in
1358 458 1438 513 omni
1452 457 1498 513 via
1512 461 1617 514 nostra.
1630 459 1709 531 Bene,
1721 459 1764 533 qui
1776 461 1876 520 incline·
1931 457 1932 474 ¹

221 555 430 632 conspicimus,
447 570 504 612 non
519 548 581 608 hac
602 555 670 607 ante
685 547 922 622 reprehendendo
932 545 1047 617 judice·
1102 549 1150 602 tus
1161 545 1280 619 scripsit
1291 546 1319 602 in
1333 550 1420 620 terra,
1432 552 1544 604 erectus
1554 546 1744 607 misericordiae
1756 551 1829 606 verba
1840 551 1877 607 de·

222 665 300 718 mus,
316 663 417 720 quam,
433 643 469 700 ed
480 640 690 698 conscientiam
701 641 831 694 nostram
843 634 992 692 humiliter
1002 649 1046 691 re·
1101 634 1225 708 promit:
1244 634 1312 708 qnia
1324 635 1400 707 quod
1411 653 1463 710 per
1472 635 1603 692 humane
1613 635 1775 694 infirmitatis
1784 637 1878 695 sociata·

221 735 307 806 versi,
323 734 414 810 digito
422 749 487 790 cam
497 729 683 788 discretionis
695 726 816 795 solerter
823 723 1004 798 sculpamus
1018 725 1048 778 et
1101 727 1159 780 tem
1175 723 1318 796 promisit,
1331 741 1382 797 per
1394 724 1496 782 divina
1507 723 1640 781 virtutem
1650 726 1770 798 potentia
1780 725 1878 783 homini·

222 827 293 901 quid
305 826 336 883 in
355 821 545 881 eaConditcri
561 819 683 893 placeat,
699 815 806 890 quidve
820 812 982 887 displiceat,
999 829 1046 868 se·
1101 813 1157 869 bus
1172 814 1281 869 donum
1297 811 1413 888 pietatis
1429 813 1580 888 impendit.
1931 881 1932 888 ἵ

221 914 292 973 dula
305 911 519 971 examinatione
532 909 717 973 dirimamus,
724 905 810 980 juxta
819 901 890 959 illud
899 899 1045 974 apostoti;
1138 923 1153 952 ιι
1167 901 1298 976 Erigere,
1315 903 1421 976 inquit,
1434 919 1468 959 sc
1481 903 1577 973 lesus,
1593 902 1662 959 dixit
1675 902 1717 958 ei:
1732 901 1829 970 Mulier,
1841 905 1877 959 ubi

222 1030 236 1058 ιι
253 1006 378 1070 Fratres,
394 999 448 1058 etsi
465 1001 685 1074 praeoccupatus
701 993 788 1050 luerit
802 991 890 1048 homo
905 991 934 1046 in
948 989 1046 1062 aliquo
1101 1011 1116 1040 ιι
1132 995 1201 1046 εεει
1216 991 1265 1064 qui
1286 994 1315 1048 te
1337 992 1537 1050 accusabant
1551 992 1638 1048 Nemo
1652 995 1679 1048 te
1691 992 1879 1048 condemnavit?

221 1094 336 1161 delicto,
345 1109 396 1149 vos
405 1090 455 1162 qui
465 1084 632 1162 spirituales
643 1083 724 1150 estis,
733 1077 1047 1152 instruitebujusmodi
1101 1102 1115 1130 ιι
1132 1079 1199 1144 Quor
1209 1079 1295 1137 dixit:
1306 1081 1408 1148 Nemo,
1420 1081 1550 1138 Domine.
1564 1103 1577 1132 a
1589 1081 1676 1137 Nemo
1687 1081 1879 1138 teeondanrnnre

221 1183 250 1240 in
266 1181 371 1257 spiritu
396 1177 534 1245 lenitatis,
551 1174 741 1232 considerans
763 1171 902 1244 teipsum,
921 1187 956 1226 ne
971 1172 999 1225 et
1013 1171 1045 1230 tu
1101 1185 1192 1226 ausus
1207 1173 1251 1226 est
1274 1170 1475 1244 peccatricem,
1493 1171 1561 1244 quia
1576 1169 1605 1226 in
1627 1187 1657 1226 sc
1671 1168 1769 1244 singuli
1790 1186 1880 1226 cernere

220 1270 340 1329 tenteris
355 1269 427 1344 (Gal.
444 1267 493 1340 vr).
514 1289 527 1317 »
1100 1261 1248 1330 coeperaut
1268 1259 1345 1332 quod
1370 1258 1465 1332 magis
1480 1259 1677 1315 damnandum
1699 1261 1878 1332 cognoscerent

255 1385 270 1412 ιι
286 1361 357 1417 Cum
376 1361 472 1414 atatem
489 1355 705 1428 perseverarent
729 1351 941 1424 interrogantes
966 1363 1044 1416 eum,
1101 1347 1157 1404 Sed
1168 1347 1219 1418 qui
1229 1348 1430 1405 accusantium
1441 1347 1773 1422 turbasprclatojustitiae
1782 1348 1881 1420 pondere

221 1473 235 1502 ιι
250 1449 341 1508 erexit
356 1465 387 1504 se
402 1451 431 1504 et
446 1443 517 1500 dixit
541 1443 601 1499 eis:
627 1442 681 1508 Qui
704 1440 767 1497 sine
793 1441 910 1512 peccato
938 1441 983 1493 est
998 1452 1045 1492 vo·
1102 1435 1223 1509 fugavit,
1238 1435 1391 1493 videamus
1410 1440 1578 1494 accusatam
1593 1439 1699 1509 quantu
1713 1435 1880 1492 misericordia

219 1563 234 1593 ιι
251 1543 356 1604 ειεεεε,
369 1536 450 1610 prius
466 1533 494 1590 in
506 1531 586 1588 illam
597 1523 724 1602 lapidem
741 1528 847 1584 mittat.
861 1549 874 1576 n
890 1525 964 1594 Quia
977 1524 1047 1581 binc
1102 1540 1222 1581 munere
1245 1523 1386 1582 sublevet.
1409 1524 1565 1599 Sequitur:
1592 1548 1606 1575 ιι
1624 1523 1695 1580 uixit
1708 1527 1795 1580 autem
1805 1523 1881 1582 lesus:

219 1635 248 1686 ct
268 1628 336 1685 inde
357 1625 480 1682 Domino
496 1621 597 1678 scriba
624 1623 653 1676 et
666 1616 804 1674 Pharisaei
828 1615 987 1673 tendebant
1001 1613 1047 1671 la·
1101 1635 1115 1664 ιι
1132 1613 1189 1670 Νεε
1205 1630 1258 1688 ogo
1273 1619 1301 1671 te
1316 1615 1528 1672 condemnabo.
1552 1614 1640 1684 Vade,
1660 1614 1761 1688 etjam
1784 1613 1882 1688 emplius

219 1713 503 1792 queosinsidiarum,
514 1703 1046 1783 putanteseumvelimmiserioordem
1062 1745 1085 1812 B
1101 1725 1115 1752 ιι
1133 1702 1191 1758 εοΙί
1208 1720 1337 1776 peccare.
1356 1728 1366 1754 ι
1385 1704 1528 1771 Quoniam
1549 1703 1712 1761 misericors
1725 1707 1751 1760 et
1768 1702 1824 1776 pius
1843 1707 1882 1768 est,

219 1808 351 1863 futurum
366 1797 582 1873 injudicando,
598 1795 642 1854 vel
657 1794 811 1872 injustum,
824 1793 984 1867 previdens
997 1790 1046 1848 illc
1101 1795 1219 1864 peccata
1242 1792 1388 1865 preterita
1403 1793 1523 1850 relaxat.
1552 1791 1691 1860 Quoniam
1710 1793 1801 1867 justus
1819 1797 1854 1847 est
1864 1795 1884 1846 et

219 1879 1046 1964 dolos,quasisrlatransitaranetn,etjudiciumjustitiae
1095 1878 1245 1951 justitiam
1275 1879 1384 1951 dilexit,
1405 1898 1441 1938 ne
1469 1881 1598 1956 amplius
1619 1882 1681 1954 jam
1709 1885 1797 1955 peccet
1818 1879 1884 1936 inter

220 2001 271 2057 per
285 1978 394 2046 omnia,
411 1981 439 2034 et
463 1973 719 2033 mansuetudinem
743 1971 860 2047 pietatis
878 1971 1045 2028 ostendens.
1100 1967 1180 2024 dicit.

219 2072 291 2129 Ecce
306 2064 499 2142 temperantia
514 2063 681 2134 miserendi,
696 2087 711 2116 ιι
723 2062 778 2131 Qui
793 2063 855 2120 sine
870 2065 988 2135 peccato
1002 2062 1047 2116 est

219 2165 364 2228 vestrum3
382 2180 396 2208 ε
412 2173 478 2214 cccc
489 2151 890 2227 iterumjustitiajudieandi,
903 2175 916 2201 ιι
931 2149 1046 2206 Primus
1122 2173 1124 2178 ’
1380 2129 1534 2187 ΗΟΜΠᾸᾹ
1553 2131 1645 2188 XLIX·

220 2250 250 2307 in
266 2249 347 2306 illam
362 2244 488 2322 lapidem
501 2243 607 2302 mittat.
621 2266 635 2294 ιι
650 2245 690 2300 Ac
701 2243 726 2300 si
739 2241 874 2299 dixisset:
891 2239 920 2298 Si
933 2240 1046 2313 Moyses
1136 2256 1272 2298 ncuruvca
1288 2256 1400 2302 unsara
1414 2253 1444 2296 rs
1459 2255 1681 2302 cusnaaonsma
1694 2257 1752 2297 srvs
1765 2243 1860 2296 datura

219 2333 618 2396 mandavitvobismulierem
628 2331 799 2404 hujusmodi
809 2329 1046 2403 lapidare,videte

220 2425 362 2502 quianon
378 2425 432 2481 boc
457 2427 634 2497 peccatores,
655 2421 705 2477 sed
717 2421 817 2492 justos
832 2420 925 2475 lacere
940 2433 1046 2491 praece·
1137 2419 1227 2493 (toan.
1243 2413 1293 2490 vr.)
1316 2441 1330 2468 ιι
1348 2417 1378 2473 ln
1404 2415 1452 2474 illo
1468 2421 1600 2491 tempore
1612 2403 1708 2476 :Abiit
1729 2418 1806 2475 iesus
1827 2421 1887 2470 trans

219 2517 272 2592 pit.
290 2514 387 2572 Primo
402 2531 454 2571 vos
464 2512 520 2586 ipsi
530 2509 678 2584 justitiam
694 2509 766 2583 legis
780 2507 907 2583 implete,
924 2510 953 2563 et
965 2506 1047 2562 inno·
1102 2531 1116 2560 ιι
1123 2505 1889 2579 mareGallilaeae,quodcst'l'ibsrindis,»etreliquallare

219 2601 619 2664 ceulcsmauibusctmundc
630 2596 954 2670 cordeadlapidandam
966 2612 1045 2652 ream
1100 2596 1234 2665 Galilaea,
1252 2596 1328 2670 quod
1354 2599 1382 2652 et
1397 2594 1561 2653 Tiberiadis
1587 2597 1704 2664 dicitur,
1719 2613 1767 2671 pro
1779 2593 1890 2669 qualitate

219 2694 393 2754 concurrite.
411 2691 509 2750 Primo
530 2688 696 2764 spiritualia
711 2686 783 2761 legis
810 2685 916 2754 edicte,
946 2684 1044 2752 fidem,
1100 2683 1373 2757 circumjacentium
1389 2685 1541 2758 regionum
1557 2685 1646 2743 variis
1656 2689 1781 2743 censetur
1794 2682 1892 2742 nomini·

219 2781 451 2843 misericordiam
463 2785 491 2838 et
503 2779 674 2838 charitatem
687 2776 825 2852 perticite,
842 2779 870 2832 et
885 2773 927 2830 sic
938 2774 973 2829 ad
987 2789 1047 2830 car·
1100 2775 1167 2833 bus.
1184 2773 1296 2830 Dicitur
1311 2777 1408 2830 autem
1425 2791 1505 2830 mare
1520 2773 1660 2844 Galilaea,
1666 2780 1777 2849 propter
1787 2773 1891 2846 adjacen-

220 2875 300 2932 nalie
309 2871 472 2947 julienses
486 2869 627 2927 divertite.
644 2867 717 2924 Dato
732 2869 830 2922 antem
842 2863 973 2936 judicio:
1100 2869 1160 2921 tem
1175 2861 1312 2937 patriam,
1323 2863 1367 2918 vel
1380 2862 1559 2936 provinciam
1575 2863 1731 2922 Galilaeam.
1744 2863 1840 2920 Dicitur
1851 2877 1891 2918 au-

256 2985 271 3014 ιι
287 2959 430 3018 Dominus
456 2959 563 3016 iterum
597 2974 628 3014 ss
656 2953 813 3023 inclinans,
843 2952 989 3009 scribebat
1016 2951 1045 3006 in
1101 2957 1159 3011 tem
1176 2951 1891 3026 mareTiberiadis,prcpterTiberiadcmcivitatem,

220 3075 235 3104 ιι
251 3055 338 3109 terra.
354 3071 369 3101 ιι
386 3050 420 3106 lit
432 3099 433 3102 ,
443 3047 573 3122 quidem,
593 3047 679 3119 juxta
694 3060 805 3102 morem
825 3039 1047 3100 consuetudinis
1101 3061 1165 3117 quaa
1180 3042 1262 3116 prius
1275 3041 1385 3098 Paneas
1400 3045 1502 3098 vocata
1516 3040 1582 3112 suit,
1594 3043 1646 3100 sed
1660 3046 1805 3118 postquam
1815 3038 1894 3096 abile

220 3141 367 3206 humanis,
382 3141 477 3213 potest
495 3135 619 3210 intelligi
634 3134 712 3209 quod
728 3133 792 3190 ideo
808 3149 906 3188 coram
919 3135 1046 3188 tentato·
1061 3115 1083 3184 C
1103 3133 1171 3189 rode
1187 3130 1360 3188 reedificata
1374 3134 1421 3186 est
1435 3130 1464 3186 in
1480 3130 1591 3189 honore
1607 3131 1714 3190 'l'iberii
1728 3129 1842 3194 unsara,
1855 3125 1894 3182 'li-

220 3230 303 3287 ribus
329 3226 473 3301 improbis
501 3225 641 3284 inclinare
671 3227 746 3280 sect
761 3223 790 3278 in
817 3226 894 3278 terra
920 3219 1047 3276 scribere
1100 3220 1197 3277 berias
1210 3223 1254 3277 est
1265 3217 1641 3292 appellata:dicitnretiam
1652 3224 1680 3278 et
1690 3217 1894 3294 stagnnmtiene·

220 3316 356 3384 voluerit,
373 3321 416 3384 ut,
434 3315 490 3374 alic
506 3312 589 3370 vultu
600 3313 766 3378 intendens,
780 3310 900 3366 liberam
912 3307 953 3364 eis
965 3308 1047 3364 daret
1101 3308 1210 3377 sarath,
1222 3325 1255 3364 eo
1266 3309 1344 3382 quod
1357 3325 1392 3365 ex
1403 3325 1433 3366 se
1444 3308 1644 3383 crispantibus
1659 3308 1744 3368 undis
1757 3323 1845 3366 auram
1858 3319 1895 3378 ge·

221 3406 343 3465 armandi
361 3403 539 3473 facultatem,
560 3419 645 3475 quos,
661 3418 716 3458 sua
729 3397 918 3472 responsione
934 3395 1047 3471 percul·
1102 3414 1204 3454 narare
1218 3397 1360 3454 videatur.
1374 3397 1485 3455 Dicitur
1493 3402 1522 3454 et
1535 3398 1620 3457 lacus
1630 3398 1793 3467 Genneretb,
1803 3397 1897 3470 propter

221 3510 280 3562 sos,
294 3492 318 3548 ci
324 3493 381 3549 tius
397 3491 526 3548 exituros
537 3505 625 3562 quam
642 3489 727 3564 plura
740 3487 970 3562 interrogaturos
983 3500 1048 3542 esec
1103 3488 1249 3545 civitatem
1265 3488 1426 3546 Gennemtb
1443 3489 1637 3560 adjacentem,
1651 3495 1680 3550 et
1693 3494 1803 3565 propter
1815 3501 1898 3560 oppor-

221 3579 400 3656 praeviderat.
1102 3577 1256 3634 tunitatem
1279 3581 1393 3650 portus.
1420 3577 1500 3634 blare
1514 3595 1632 3653 quoque
1643 3579 1809 3654 Asphaltum
1823 3595 1837 3632 a
1849 3571 1898 3646 qul·

257 3693 271 3720 ιι
287 3667 418 3741 Denique
444 3667 606 3734 audientes,
631 3682 710 3723 unus
730 3668 796 3739 post
811 3681 902 3720 unum
919 3664 1048 3733 exibunt,
1102 3667 1228 3724 busdam
1240 3665 1419 3723 nominatur.
1431 3667 1604 3726 distenditur
1615 3670 1694 3727 enirn
1707 3661 1900 3741 iniungitudinc

221 3785 234 3812 ιι
252 3757 424 3832 incipientes
438 3774 456 3813 a
471 3755 645 3812 senioribus,
660 3777 674 3805 ε
686 3754 742 3812 Sed
754 3753 876 3828 figurate
888 3771 941 3810 nos
952 3753 1050 3810 admo·
1103 3753 1902 3831 centumquadragintastadia,inlatitudinequadraginlt

221 3851 271 3905 net
296 3847 325 3903 in
347 3863 380 3902 eo
396 3843 483 3920 quod,
499 3849 528 3901 et
542 3847 610 3900 ante
625 3844 723 3902 datam
739 3847 768 3900 et
787 3847 854 3915 post
868 3844 966 3899 datam
983 3859 1049 3899 sen·
1103 3846 1161 3903 Nec
1173 3848 1415 3919 proptereamare
1427 3848 1562 3903 vocatum
1573 3851 1629 3916 est,
1641 3865 1674 3905 ec
1690 3829 1902 3922 qnodaqnacjus

221 3935 355 4003 tantiam,
371 3934 518 3992 inclinans
539 3933 658 4008 scripsit
672 3933 701 3990 in
718 3936 805 4004 terra,
822 3937 854 3988 ut
876 3932 1049 4007 priusquam
1104 3953 1210 3992 amara
1226 3934 1299 4003 sint;
1316 3937 1387 3990 sunt
1399 3933 1478 3990 enim
1494 3934 1595 3998 dulces
1611 3937 1824 4012 adpetendum,
1838 3928 1902 3987 habi-

220 4027 389 4100 psccantem
410 4022 575 4097 proximum
606 4021 811 4094 corripiamus,
841 4025 869 4078 et
891 4025 1049 4098 postquam
1105 4022 1465 4097 lesqueedpiscandum:
1491 4025 1539 4081 sed
1560 4024 1673 4083 idioma
1687 4025 1805 4084 llebrna
1819 4020 1903 4093 lingua

220 4113 325 4172 debite
340 4111 542 4188 castigationis
553 4109 596 4168 illi
612 4109 808 4168 ministerium
823 4110 1049 4179 reddiderimus,
1105 4117 1160 4180 est,
1177 4111 1419 4187 congregationes
1430 4129 1574 4185 aquarum
1584 4115 1731 4190 appellare
1742 4111 1835 4182 muria,
1845 4107 1905 4164 sicut

221 4199 647 4278 nosipsoedignsbumilitatis
658 4199 882 4273 investigatione
892 4199 1052 4273 perpende.
1107 4202 1249 4276 scriptum
1267 4205 1312 4258 est
1326 4201 1356 4257 in
1370 4201 1486 4258 Genesi.
1503 4225 1516 4253 ιι
1529 4201 1773 4280 congregationes
1786 4209 1904 4274 aquarum

219 4309 297 4361 mus,
314 4308 351 4348 ne
366 4292 443 4349 torte
458 4294 510 4347 ant
525 4289 636 4348 eisdem
650 4307 713 4363 quae
726 4287 756 4345 in
777 4288 851 4364 ipsis
865 4286 1051 4362 reprehendi·
1106 4289 1263 4366 appellavit
1277 4290 1371 4347 maris
1384 4291 1461 4362 (Gerr.
1479 4293 1509 4361 r).
1526 4311 1539 4344 ε
1555 4291 1761 4365 spiritualiter,
1782 4290 1831 4348 boc
1844 4297 1906 4344 marr

220 4399 299 4453 mus,
312 4384 363 4438 ant
374 4379 440 4438 aliis
452 4377 632 4452 quibuslibet
643 4376 926 4434 simusfacinoribus
936 4373 1051 4445 irretiti,
1107 4379 1278 4453 navigerum
1294 4395 1422 4453 presens
1437 4379 1585 4454 significat
1599 4381 1743 4449 seculum,
1759 4378 1839 4454 quod,
1853 4389 1905 4429 ton·

220 4471 298 4527 sicut
314 4471 387 4526 torte
398 4468 462 4526 fieri
477 4467 584 4542 poterit
596 4471 629 4525 ut
644 4467 706 4540 ipse
716 4465 766 4539 qui
781 4464 957 4521 homicidam
969 4481 1050 4521 reum
1066 4485 1091 4552 D
1107 4485 1240 4534 cussum,
1254 4467 1386 4540 quietum
1402 4485 1573 4542 permanere
1584 4486 1642 4526 uon
1652 4474 1760 4544 potest.
1771 4465 1908 4526 Undebene

221 4556 325 4616 mortis
350 4573 414 4614 esse
437 4557 622 4630 judicaverit,
638 4554 701 4628 ipse
727 4553 756 4610 in
772 4552 868 4626 seipso
884 4570 935 4626 per
950 4554 1050 4610 odium
1106 4573 1187 4614 mare
1202 4555 1312 4612 dicitur
1326 4573 1343 4613 a
1358 4559 1493 4624 meando,
1505 4573 1539 4615 eo
1554 4559 1632 4632 quod
1648 4576 1763 4634 sempor
1773 4553 1877 4614 accedat
1888 4553 1909 4604 et

221 4647 356 4703 fraterna
380 4645 484 4703 nortis
499 4661 567 4702 reus
585 4660 650 4702 esse
666 4648 734 4700 ante
750 4640 869 4698 oculum
890 4641 1055 4700 conditoris
1109 4645 1234 4704 recedat.
1251 4643 1334 4702 Sicut
1355 4645 1434 4702 enim
1451 4663 1532 4704 marc
1546 4647 1680 4721 quietum
1702 4639 1910 4719 attranqnillvm

221 4736 406 4804 inveniatur;
423 4733 571 4804 similiter,
600 4733 651 4805 qui
682 4729 882 4788 fornicationis
897 4731 1008 4787 crimen
1024 4731 1054 4787 in
1109 4738 1261 4792 starenon
1283 4734 1369 4805 valet,
1393 4735 1435 4792 sic
1458 4736 1589 4794 mundus
1612 4733 1871 4796 conturbationibus
1889 4728 1911 4781 el

223 4825 312 4881 tratre
324 4822 487 4910 accusat,in
501 4819 1053 4896 scipsosuperbiaeiecinusnonvideat.
1108 4823 1389 4882 tumultuationibus
1404 4828 1617 4897 commovetur;
1641 4844 1719 4885 nunc
1733 4815 1911 4900 prosperitati-

223 4913 423 4984 ldecjubctur
429 4913 522 4986 judex
529 4909 618 4969 alieni
628 4909 761 4966 criminis
772 4906 862 4982 digito
871 4908 1054 4966 discretionis
1108 4913 1165 4970 bus
1180 4911 1320 4982 elevatur,
1335 4930 1413 4972 nunc
1428 4914 1655 4973 adversitatibus
1672 4916 1813 4989 dejicitur,
1828 4905 1912 4967 crescit

222 4999 252 5055 in
270 4999 358 5055 corde
373 5016 426 5057 suo
443 5001 621 5072 describere,
635 5017 672 5056 ne
687 4999 759 5056 forte
772 4996 802 5054 in
817 4996 912 5071 seipso
927 5013 994 5054 reus
1008 4997 1053 5054 in·
1108 5002 1417 5070 nasceud0,decrescit
1427 5003 1587 5061 moriendo.
1601 5005 1659 5062 lloc
1669 5021 1737 5080 ergo
1748 4993 1911 5061 marsDomi·

221 5085 368 5143 veniatur.
386 5089 461 5156 Quid
479 5089 569 5164 igitur
584 5089 669 5146 nobis
683 5089 713 5146 in
728 5086 900 5164 baq’usmodi
915 5087 1052 5160 periculis
1108 5107 1165 5148 nus
1181 5091 1360 5166 pertransiit,
1386 5093 1514 5166 quando,
1530 5093 1649 5151 calcatis
1664 5093 1767 5152 mundi
1781 5087 1909 5150 ductibus,

222 5175 355 5242 remedii,
369 5175 440 5248 qnid
452 5182 544 5234 restat
554 5177 668 5249 salutis,
680 5176 735 5237 nisi
748 5181 791 5246 ut,
802 5193 870 5234 cum
883 5181 1052 5250 peccantem
1107 5180 1163 5237 iter
1176 5179 1240 5236 vite
1263 5180 1386 5238 celestis
1401 5181 1486 5238 nobis
1501 5183 1637 5240 ostendit.
1654 5184 1693 5240 De
1708 5183 1791 5255 cnjus
1805 5172 1910 5234 uaueilt

221 5263 432 5338 conspicimus,
448 5265 484 5320 ad
497 5263 581 5322 illum
598 5284 665 5324 mcx
678 5266 854 5325 inclinemur
865 5268 1001 5323 deorsum
1014 5265 1053 5341 (id
1107 5270 1211 5328 Petrus
1226 5266 1377 5342 apostolus
1400 5269 1459 5326 ait:
1481 5293 1494 5322 ιι
1512 5271 1564 5336 Qui
1582 5271 1769 5345 pertransivit
1790 5269 1856 5326 bene
1877 5261 1909 5316 i·

222 5357 277 5422 est,
294 5369 383 5428 quam
410 5351 517 5426 dejecti
534 5371 567 5410 ex
584 5361 688 5412 nostrae
704 5355 869 5413 conditione
884 5353 1053 5430 tragilitatis
1108 5358 1223 5428 ciendo,
1235 5362 1263 5413 et
1278 5356 1409 5412 sanando
1423 5374 1525 5416 omncs
1535 5357 1691 5434 oppressos
1705 5377 1721 5418 e
1737 5355 1846 5416 diabolo
1858 5351 1911 5426 (itt

221 5443 330 5512 simus,
344 5441 368 5499 si
383 5459 438 5500 nos
452 5439 553 5498 divina
562 5443 656 5515 pietas
667 5461 725 5502 non
738 5449 892 5512 sustentet,
904 5443 1055 5502 humiliter
1106 5447 1145 5521 x).
1163 5469 1177 5498 a

221 5531 441 5607 inspiciemuslt
450 5528 546 5603 Digito
557 5530 756 5589 scribamusin
765 5539 853 5606 terra,
864 5533 1054 5591 idestdiscri-
1145 5557 1160 5586 ιι
1176 5531 1399 5604 utaequebatur
1408 5551 1475 5592 eum
1487 5536 1646 5596 multitudo
1656 5553 1772 5612 magna,
1784 5531 1851 5608 quia
1860 5525 1912 5584 vidi
