3930 6172
90 361 142 422 nn
686 315 862 421 tiaratae
884 353 934 416 aa
955 351 1156 420 frustrane.
1712 335 1772 431 aaa

89 491 234 568 discipulos
257 489 432 568 relinquens,
458 493 597 552 dicebat:
614 516 628 544 ιι
645 491 823 550 Commendo
845 507 896 548 vos
908 488 939 556 Α’
952 487 1027 546 sicut
1041 491 1197 565 Apostolus
1212 493 1252 551 ait
1269 511 1275 552 :
1293 520 1306 546 ιι
1323 494 1424 554 l'idete
1448 512 1545 566 canes,
1561 497 1654 557 videte
1679 501 1772 561 malos

88 585 137 640 Deo
150 587 175 640 et
189 581 279 640 Verbo
295 582 388 658 ipsius
399 586 466 657 [Act.
482 585 528 656 ax]
546 587 571 653 ιι)
587 582 716 640 dicentes
727 597 734 638 :
747 603 761 632 ιι
774 579 893 637 Dimitte
948 580 1105 652 operarios,
1113 581 1206 640 videte
1215 583 1411 643 concisionem
1423 587 1508 658 (Pliit.
1517 589 1577 662 m)3
1591 611 1605 638 ιι
1616 589 1772 662 aliquando

87 694 99 721 ι
112 687 180 738 eam,
198 695 211 722 ιι
226 673 301 746 quod
317 677 361 730 est
376 673 471 730 dicere
495 673 614 731 Dimitte
630 676 759 747 peccata,
774 675 802 728 et
817 671 895 728 «tarra
948 673 1129 742 peccatorem
1141 669 1307 746 falsumque
1318 673 1505 742 catholicam,
1516 676 1594 734 naula
1604 695 1659 734 sua
1669 679 1774 734 iteran-

84 761 203 817 virtutes.
219 785 233 812 ιι
260 762 331 829 Ouia
355 761 462 819 claarnt
486 769 552 837 post
578 779 642 820 nos.
659 785 674 812 ιι
699 759 805 818 Mulier
828 763 895 832 post
949 760 1019 826 tem,
1036 759 1113 816 sieut
1127 760 1264 818 Salomon
1280 760 1336 818 ait:
1352 782 1363 812 ι
1381 763 1464 820 Sicut
1477 765 1559 823 canis
1574 759 1773 825 reveriiturad

86 851 217 922 apostolos
236 847 381 920 clamavit,
399 851 469 925 quia
491 850 621 909 Ecclesia
645 867 703 908 aon
727 848 823 906 solum
846 865 893 904 eo·
948 845 1090 902 vomitum
1100 850 1247 920 suum,sic
1257 850 1410 908 stultasad
1420 853 1576 910 stultitiam
1586 873 1670 912 suam
1683 857 1774 928 (Prae.

85 955 139 996 rum
153 939 313 996 doctrinam
329 939 434 1014 diligit,
445 941 495 998 sed
511 927 739 997 etiam'aetiones
751 938 893 994 imitatur.
948 935 1042 1009 xxv1);
1057 959 1070 986 ιι
1081 937 1238 1011 aliquando
1248 940 1264 996 J
1269 939 1376 1008 adeste,
1390 941 1465 998 sicut
1475 959 1527 1015 per
1537 934 1723 1001 Psaluris'lam
1734 945 1777 1002 di·

86 1027 141 1084 l’ost
154 1027 299 1104 apostolos
315 1033 412 1086 autem
429 1027 555 1088 clamore
580 1033 624 1085 est
640 1025 757 1084 illorum
771 1025 895 1099 vestigia
948 1023 1038 1080 citur:
1049 1049 1063 1076 ιι
1075 1025 1326 1112 circumciderunt
1337 1046 1383 1086 me
1393 1046 1480 1086 canes
1492 1031 1575 1088 multi
1585 1033 1775 1106 (Psat.xx1);»

85 1116 164 1189 sequi.
949 1111 1107 1188 aliquando
1122 1116 1255 1190 gentiles,
1272 1117 1349 1175 sicut
1364 1115 1393 1174 in
1410 1118 1463 1176 hac
1479 1118 1553 1188 loco,
1563 1126 1595 1177 ut
1610 1140 1699 1202 suprp
1714 1123 1777 1182 dio-

114 1231 125 1254 ιι
140 1205 201 1280 lpse
215 1210 314 1264 autem
340 1206 520 1281 respondens
536 1205 677 1264 ait:Non
703 1221 769 1263 sum
785 1204 895 1262 missus
950 1207 1013 1260 tum
1024 1204 1189 1262 est:«‘Non
1200 1209 1244 1262 est
1260 1207 1368 1262 bonum
1385 1223 1501 1266 sumere
1513 1225 1619 1282 panem
1636 1209 1775 1284 filiorum,

85 1319 96 1346 ιι
110 1294 158 1351 nisi
173 1295 209 1352 ad
224 1313 293 1353 ores
308 1313 372 1370 quaa
388 1298 538 1370 perierunt
553 1296 659 1352 damus
674 1293 773 1352 lsrael.
786 1316 800 1346 ιι
816 1297 896 1362 Que-
950 1295 978 1348 et
993 1293 1108 1349 mittero
1124 1294 1256 1350 canibus.
1271 1319 1284 1344 ιι
1294 1298 1334 1352 Ao
1349 1296 1373 1352 si
1389 1295 1497 1354 diceret
1509 1315 1515 1355 :
1528 1297 1590 1355 Non
1606 1304 1651 1356 eet
1666 1299 1777 1358 bonum

85 1384 146 1440 ritur
158 1388 254 1440 autem
271 1401 362 1458 quare
377 1385 652 1442 sinemurensem
669 1383 778 1441 missus
792 1383 848 1439 nisi
859 1383 895 1440 ad
951 1385 983 1436 ut
998 1381 1136 1438 doctrine
1152 1383 1237 1455 panis
1253 1401 1269 1440 a
1285 1383 1363 1454 otiis,
1380 1385 1408 1442 id
1424 1393 1469 1443 est
1484 1405 1501 1443 a
1518 1385 1639 1454 iudicia,
1655 1388 1725 1461 quia
1740 1390 1777 1445 ab

84 1489 139 1529 ares
148 1491 207 1546 qua
220 1473 485 1547 perieruntdomus
497 1473 596 1541 lsrael,
607 1497 621 1522 ιι
632 1489 698 1528 cam
708 1472 776 1528 alibi
789 1472 896 1529 dixisse
951 1469 1034 1528 initio
1045 1471 1137 1528 Deum
1153 1472 1306 1529 coluerunt
1320 1480 1348 1529 rt
1363 1476 1565 1545 bdoratarunt,
1575 1472 1776 1546 subtrabatur,

83 1560 183 1635 legatur
193 1579 201 1617 :
213 1585 226 1610 ιι
240 1561 277 1617 aa
288 1560 361 1618 alias
373 1579 439 1618 oves
454 1562 556 1632 habeo,
569 1579 633 1636 que
646 1579 703 1618 non
715 1566 783 1619 sunt
798 1579 832 1618 ex
842 1561 896 1618 hoc
950 1562 979 1616 et
995 1560 1076 1616 vobis
1096 1559 1243 1634 gentlbus,
1267 1561 1318 1634 qui
1340 1561 1441 1620 multis
1464 1563 1614 1636 spurcitiis
1638 1567 1666 1620 et
1691 1561 1779 1622 idolis

83 1648 148 1716 aviti,
163 1654 191 1706 et
205 1647 276 1706 illas
291 1653 405 1723 oportet
421 1664 467 1707 me
482 1651 636 1719 adducere,
649 1655 676 1706 et
688 1667 787 1711 vocem
801 1665 897 1708 meam
952 1649 1135 1716 deseruistis,
1152 1650 1247 1706 detur.
1264 1651 1345 1717 Quod
1361 1651 1522 1724 prudenter
1535 1651 1642 1709 mulier
1666 1652 1779 1710 iutelli-

82 1738 232 1807 audient,et
244 1739 296 1794 liet
308 1755 399 1796 unum
410 1739 483 1796 ovile
494 1744 523 1796 et
534 1757 611 1796 uatus
624 1745 723 1813 pastor
734 1727 822 1813 (leon.
832 1745 871 1808 x).
883 1759 896 1788 ιι
951 1753 1034 1810 gens,
1051 1737 1205 1810 taliterque
1219 1756 1250 1794 se
1261 1737 1437 1808 humilians,
1455 1739 1547 1796 dixit:
1761 1795 1763 1800 .

81 1827 114 1882 ld
129 1826 203 1900 quod
214 1827 387 1896 dicendum,
398 1827 513 1900 quiade
524 1828 744 1901 praesentiusue
755 1824 896 1900 corporali
990 1849 1004 1878 ι
1021 1825 1126 1896 lltiam,
1143 1827 1275 1884 Domine.
1292 1849 1306 1878 ιι
1321 1829 1361 1884 Ac
1376 1826 1402 1885 si
1417 1827 1525 1885 diceret
1536 1845 1543 1886 :
1555 1829 1631 1900 Scio,
1644 1829 1778 1898 Domine,

81 1915 155 1972 dixit:
168 1915 313 1988 quoniam
323 1914 470 1973 neminem
481 1915 634 1990 gentilium
644 1933 695 1990 per
705 1917 898 1988 semetipsum
953 1919 982 1972 et
993 1915 1089 1984 eredo,
1107 1914 1177 1989 quia
1191 1915 1232 1972 ita
1246 1920 1299 1985 est,
1317 1915 1470 1974 nonenim
1495 1935 1599 1974 sumus
1618 1917 1699 1993 digai
1714 1924 1782 1992 post

81 2002 702 2080 docuisselegitur,exceptisduobusdicbus
713 2003 742 2060 ln
754 1991 897 2073 Samaria,
952 2002 1100 2060 idolorum
1118 2003 1274 2072 culturam,
1291 2021 1396 2078 panem
1413 2005 1541 2065 illiorum
1557 2006 1688 2080 accipere
1704 2024 1712 2065 ι
1729 2008 1780 2064 sed
1862 2079 1864 2086 Ι

80 2097 106 2148 ut
114 2095 298 2152 occasionem
307 2111 368 2151 non
381 2093 518 2151 credendi
527 2079 713 2168 (sioutsupra
723 2093 899 2163 dictumest)
954 2091 1024 2164 quia
1037 2092 1067 2148 iu
1083 2092 1226 2150 mundum
1241 2093 1379 2167 diguatus
1390 2111 1421 2151 es
1431 2095 1539 2164 venire,
1548 2094 1671 2154 extende
1682 2095 1781 2154 sinum

81 2181 178 2239 iudeis
193 2185 336 2241 auferret.
353 2185 462 2240 Tamen
475 2199 541 2239 cum
555 2182 759 2239 intertudaeos
770 2181 900 2240 ambula·
953 2179 1159 2237 misericordis
1175 2183 1231 2236 ture
1244 2183 1382 2254 usquead
1397 2181 1576 2256 colligendas
1586 2189 1699 2258 gentes,
1710 2189 1741 2242 ut
1751 2185 1781 2241 ia

82 2271 256 2340 ret,docerct,
267 2271 478 2345 signal'aeeret,
488 2270 613 2330 salutem
624 2271 755 2346 gentium
770 2274 899 2328 futuram
954 2269 1783 2348 quibusabundaritpeecatum,superabundotgratiatua

81 2361 383 2432 predicabatdicane:
400 2383 413 2411 ιι
424 2361 459 2417 ut
473 2360 547 2416 alias
562 2377 629 2416 oves
644 2361 747 2430 babeo,
762 2377 825 2433 quae
842 2377 899 2415 non
954 2359 1039 2431 (Rom.
1055 2360 1095 2428 v),
1110 2359 1217 2432 Datque
1232 2357 1531 2432 per'miserieordiam
1546 2366 1626 2418 tuam
1642 2361 1781 2436 possibile

81 2453 141 2505 sunt
154 2465 186 2506 ex
201 2448 261 2506 hoe
275 2447 363 2518 ovili:
380 2471 394 2499 ιι
411 2455 438 2504 et
452 2448 539 2505 alibi:
558 2471 572 2498 ιι
589 2447 681 2506 Meloe
697 2448 772 2505 male
788 2449 899 2522 perdel,
954 2447 1032 2520 quod
1049 2465 1100 2522 per
1116 2453 1249 2506 nostrum
1267 2449 1404 2506 meritum
1423 2453 1467 2506 est
1482 2449 1675 2522 impossibile.

81 2538 219 2595 etvioeam
237 2549 327 2594 suam
338 2535 444 2595 locabit
454 2537 521 2594 aliis
532 2537 667 2612 agricolis
677 2538 785 2608 (liatlt.
801 2537 870 2612 um).
886 2561 899 2588 ι
991 2561 1005 2588 ιι
1022 2537 1096 2594 Nam
1111 2542 1141 2594 et
1155 2537 1249 2594 catelli
1274 2539 1366 2596 edunt
1388 2540 1424 2595 de
1444 2537 1529 2596 misle
1544 2556 1608 2612 que
1624 2540 1733 2597 cadunt
1747 2540 1782 2598 de

82 2625 233 2700 litideoqui
245 2626 333 2700 prius
343 2626 475 2684 dicebat:
486 2651 499 2678 ιι
512 2625 542 2684 ln
553 2626 628 2683 viam
639 2627 770 2702 gentium
783 2628 903 2684 neabie·
957 2648 972 2678 ιι
989 2643 1090 2683 mensa
1104 2627 1292 2684 dominorum
1309 2644 1440 2683 suorum.
1460 2651 1473 2678 ιι
1490 2627 1525 2684 Ut
1541 2627 1590 2700 qai
1612 2619 1718 2704 magua
1732 2645 1782 2686 cs·

6 2769 7 2780 ,
83 2715 147 2782 ritis,
163 2719 190 2772 et
203 2717 233 2772 in
260 2714 393 2772 civitates
409 2713 660 2772 Samaritanorum
677 2733 712 2773 ne
731 2715 902 2774 introieritis
955 2731 1023 2787 pero
1035 2731 1092 2771 non
1101 2733 1270 2789 possumus,
1281 2714 1384 2792 saltam
1397 2715 1431 2772 de
1443 2715 1574 2772 minimis
1585 2721 1613 2774 ct
1625 2717 1783 2790 superfluis

6 2807 7 2816 ¹
84 2803 175 2872 (Ιαιιι.
190 2807 230 2874 x),
244 2827 263 2855 ιι
278 2807 381 2878 postea
394 2803 469 2859 dixit
479 2819 486 2859 ι
498 2827 512 2854 ιι
525 2803 634 2862 dantes
644 2804 674 2862 iu
685 2805 830 2862 mundum
841 2803 904 2861 uni·
956 2804 1241 2878 pascamur‚scilicet
1252 2803 1302 2875 qui
1313 2821 1371 2860 non
1382 2819 1486 2860 sumus
1497 2799 1578 2876 digni
1591 2821 1697 2862 mensae
1711 2805 1783 2862 fillo·

6 2927 8 2976 3
84 2890 901 2967 versam,praedieotellvangeliumomnicreatorefflarc.
958 2911 1022 2950 rum
1043 2893 1221 2967 participari,
1246 2892 1350 2950 saltem
1375 2893 1412 2950 de
1437 2891 1521 2949 micis
1542 2909 1607 2966 que
1620 2889 1729 2950 eadunt
1745 2893 1781 2951 de

6 2983 8 3052 f
86 2986 143 3052 mr).
160 3007 173 3034 ιι
189 2981 275 3047 Quod
301 2979 455 3053 impletum
471 2985 516 3037 est
530 2985 597 3055 post
611 2981 675 3054 eius
690 2982 902 3052 ascensionem,
957 2981 1781 3049 mensadominorumsuorum,nutriamualliensaautem

6 3059 8 3080 ³
86 3071 115 3126 ad
129 3071 331 3144 apostolorum
342 3069 587 3144 predicationem.
599 3071 679 3138 Quod
690 3087 758 3146 erga
769 3089 826 3130 non
838 3071 905 3129 lecit
958 3072 988 3128 ln
1004 3070 1057 3130 hoc
1074 3070 1136 3127 loeo
1155 3071 1334 3143 scripturam
1351 3087 1465 3126 sacram
1480 3069 1637 3144 significat,
1653 3087 1717 3150 quae
1730 3089 1782 3146 pro

86 3158 277 3232 corporaliter,
286 3161 353 3232 post
364 3157 605 3216 resurrectionem
621 3175 673 3233 per
686 3160 847 3234 discipulos
857 3161 905 3218 ad·
959 3157 1485 3234 capacitateauditorumvarioehebet
1496 3158 1576 3215 eibos
1586 3163 1613 3216 et
1624 3165 1782 3232 apparatus

7 3287 8 3290 ,
85 3247 203 3322 implerit
217 3247 423 3324 spiritualiter.
441 3249 497 3304 Sed
519 3247 591 3304 illud
621 3231 941 3322 pretermittendumss
959 3245 1782 3323 verborum,panemvitoenobismiuistrans‚dequaper

7 3345 9 3412 ι
86 3353 133 3392 uon
144 3343 194 3405 est,
204 3335 429 3412 quaredixerit:
440 3361 454 3389 ιι
464 3337 526 3394 Nan
536 3355 601 3394 sum
611 3337 720 3395 missus
729 3339 784 3395 nisi
794 3338 829 3395 ad
838 3356 905 3397 oves
959 3337 1133 3412 Prophetam
1146 3335 1268 3392 dieitur:
1278 3359 1292 3384 ιι
1305 3334 1416 3391 Parasti
1426 3333 1455 3392 iu
1465 3339 1621 3412 conspectu
1630 3352 1694 3394 meo
1703 3353 1782 3396 meu·

7 3419 8 3450 f
85 3427 313 3502 quoperioruut,
326 3449 340 3476 ιι
352 3443 418 3483 curn
430 3425 460 3486 hi
472 3426 521 3500 qui
534 3425 691 3501 perierunt,
703 3427 838 3502 potiusin
850 3427 906 3484 hae·
959 3444 1034 3494 sam,
1050 3427 1190 3482 adversus
1206 3439 1255 3480 eos
1274 3423 1324 3496 qui
1348 3423 1490 3480 tribulant
1505 3419 1552 3480 me
1567 3424 1654 3496 [Psoi.
1670 3425 1749 3496 xxo).
1768 3447 1782 3476 ιι

86 3515 188 3585 darum,
205 3533 300 3591 quam
327 3516 356 3571 in
380 3515 477 3572 ovium
494 3531 615 3572 numera
630 3521 845 3591 computentur.
861 3517 904 3574 Ad
995 3513 1070 3572 Mica
1078 3529 1227 3586 veraque
1238 3511 1358 3568 interior
1368 3527 1436 3583 pare
1446 3508 1782 3585 panisest‚spiritualem

85 3605 151 3676 quod
168 3604 341 3673 dicendum,
353 3603 423 3679 quie
438 3621 511 3677 quos
527 3605 654 3677 perditas
669 3621 723 3661 suo
738 3605 841 3662 merito
852 3605 905 3662 Do·
958 3602 1182 3678 intelligentiam
1196 3599 1225 3656 in
1243 3600 1401 3674 Scripturis
1417 3598 1560 3675 designat.
1571 3625 1584 3652 ιι
1599 3599 1699 3658 Catelli
1715 3619 1783 3676 ergo

87 3692 175 3750 minus
190 3693 316 3760 invenit,
333 3709 383 3749 eos
406 3709 473 3749 oves
488 3693 587 3768 gratie
611 3709 670 3749 sure
695 3709 759 3750 csse
772 3695 851 3762 lecit,
868 3696 904 3752 de
958 3693 1049 3750 edunt
1064 3693 1100 3747 de
1119 3689 1204 3746 micis
1225 3706 1289 3763 quae
1306 3689 1414 3745 cadunt
1429 3689 1465 3746 de
1480 3701 1582 3746 mensa
1597 3690 1783 3748 dominarum

87 3779 183 3852 quibus
191 3799 246 3856 per
254 3779 420 3855 apostolum
432 3781 548 3838 Petrum
560 3781 667 3838 diuitem
678 3798 684 3838 :
697 3806 710 3834 ιι
723 3783 818 3842 Dratis
828 3783 905 3842 sicut
958 3797 1091 3849 suarum,
1100 3803 1114 3830 ιι
1123 3776 1241 3852 quando
1249 3776 1371 3852 gentiles
1381 3779 1512 3834 conversi
1522 3775 1600 3851 apud
1611 3779 1784 3852 semetipsos

87 3884 144 3925 ores
157 3875 302 3940 errantes,
315 3869 364 3926 sed
380 3869 509 3927 conversi
526 3871 597 3926 estis
613 3887 690 3927 nunc
705 3871 740 3927 ad
757 3876 904 3946 pastorem
959 3866 1140 3944 spiritualem
1156 3864 1378 3938 intelligentiam
1400 3866 1555 3939 requirunt
1576 3883 1666 3939 quma
1690 3867 1782 3924 ludat

88 3960 111 4011 et
123 3958 293 4033 episcopum
307 3955 473 4016 animarum
488 3963 650 4016 vestrarum
666 3957 688 4032 (l
702 3963 775 4017 Patr.
791 3960 833 4032 ιι).
848 3983 861 4011 ιι
871 3962 904 4018 tn
959 3957 1089 4030 accipere
1104 3954 1271 4012 noluerunt.
1287 3954 1369 4018 Quod
1386 3947 1526 4010 Dominus
1541 3954 1703 4030 intelligere
1718 3971 1786 4028 pru·

90 4059 138 4116 qao
151 4063 249 4104 errore
266 4063 297 4103 se
314 4051 441 4115 noverat,
457 4046 507 4120 qul
522 4047 660 4104 dicebat:
682 4071 695 4099 ιι
712 4048 811 4105 Erravi
828 4048 905 4106 sicut
959 4046 1076 4102 dentem
1092 4042 1244 4099 mulierem
1261 4041 1454 4116 conspiciens,
1472 4039 1622 4117 respondit
1633 4041 1693 4098 illi:

90 4133 141 4190 ovis
154 4152 217 4207 quae
232 4132 322 4210 periit
337 4135 424 4208 (Psoi.
441 4137 546 4206 cxviii).
565 4155 578 4184 ιι
594 4133 629 4190 lit
643 4133 692 4191 illa
706 4134 822 4205 mulier,
840 4153 904 4210 qua
997 4152 1008 4184 ι
1025 4128 1048 4190 0
1064 4130 1178 4200 mulier,
1195 4126 1628 4206 magnaestildestua,liattibi
1641 4130 1716 4188 sicut
1728 4129 1783 4186 vis.

91 4227 164 4277 autea
178 4221 336 4296 repudiate
346 4221 449 4291 luerat,
459 4237 512 4278 nec
525 4222 637 4290 audita,
653 4227 808 4296 postquam
820 4224 906 4282 disei-
959 4245 974 4274 ιι
991 4213 1025 4278 at
1039 4223 1143 4276 sonata
1158 4220 1202 4276 est
1214 4217 1275 4274 filia
1288 4215 1367 4272 illius
1381 4233 1416 4273 ex
1429 4215 1480 4276 illa
1494 4217 1576 4273 hora.
1590 4241 1604 4268 ιι
1619 4217 1674 4289 Ubi
1690 4217 1784 4274 eonsi-

90 4308 163 4378 palos
176 4328 230 4386 pro
246 4313 428 4384 arrogantes
443 4309 691 4390 audivit,tandem
706 4317 857 4388 resumpta
871 4313 904 4369 ii·
958 4309 1120 4367 derandum
1142 4305 1212 4379 quia
1235 4306 1270 4361 ad
1295 4303 1465 4380 petitionem
1481 4303 1584 4362 matris
1598 4297 1659 4360 filia
1672 4304 1752 4361 illiue
1767 4321 1785 4361 a

91 4395 165 4454 dacia
179 4399 216 4458 ad
232 4401 327 4456 Deum
341 4398 431 4466 venit,
447 4401 475 4455 et
489 4399 621 4458 adoravit
635 4417 713 4470 eum,
730 4401 849 4458 dicens:
959 4395 1102 4455 demonio
1117 4393 1239 4451 liberata
1253 4392 1308 4460 est,
1324 4396 1357 4448 ut
1372 4390 1572 4466 intelligamus
1587 4391 1657 4466 quia
1670 4389 1783 4464 parvuli

120 4507 132 4534 ιι
147 4485 394 4559 Domine‚adjuva
403 4503 460 4543 me.
471 4509 485 4537 ιι
497 4487 563 4554 Quo
575 4487 652 4544 enim
669 4484 794 4547 salutem
807 4489 903 4565 requi·
958 4487 989 4544 iu
999 4483 1146 4559 baptismo
1157 4479 1208 4556 qui
1218 4480 1298 4554 loqui
1310 4495 1367 4536 non
1379 4479 1733 4555 possunt,i1deparentum
1746 4480 1783 4537 ab
1889 4503 1891 4506 ·

91 4572 171 4643 rebat,
186 4576 223 4632 de
238 4578 383 4650 potestate
396 4591 453 4631 nan
469 4575 632 4632 dubitabat.
918 4599 943 4668 D
958 4573 1093 4650 originali
1109 4574 1227 4646 peceato
1242 4585 1293 4644 per
1306 4567 1486 4641 baptismum
1509 4565 1673 4626 solvuntur.
1688 4565 1783 4640 liujus

121 4683 133 4710 ιι
147 4661 199 4726 Qui
214 4663 465 4736 respondederit:
477 4663 715 4722 Nonestbanum
727 4683 904 4741 sumerepa·
959 4655 1784 4738 quoduessdcm,sieutcenturionts‚Dominusodmtratus

92 4771 103 4796 ιι
117 4765 178 4807 nem
193 4751 373 4820 tiliorum‚et
383 4755 498 4810 mittere
512 4751 644 4810 canibus.
653 4776 667 4805 ιι
678 4751 742 4810 lilii
757 4754 905 4829 quondam
960 4755 1015 4822 est,
1027 4749 1073 4808 cui
1088 4748 1179 4806 dixit:
1581 4819 1586 4828 .

92 4835 162 4892 tude
172 4839 301 4908 luerunt,
310 4839 345 4896 de
357 4840 464 4914 quibas
476 4840 624 4898 aDomino
635 4857 687 4915 per
702 4841 820 4918 Moysen
832 4841 905 4900 Pha·
996 4863 1011 4892 ιι
1027 4839 1118 4895 Amen
1133 4836 1198 4893 dico
1213 4830 1305 4904 vobis,
1322 4849 1379 4890 non
1404 4829 1498 4890 inveni
1525 4834 1635 4888 tantam
1651 4829 1738 4888 iidem
1753 4827 1783 4887 in

94 4925 164 4982 mani
178 4927 288 4984 dictum
304 4931 362 4985 est:
373 4951 388 4981 ιι
398 4929 519 4986 Dimitte
529 4928 622 4986 fllium
634 4945 733 4987 meum
750 4929 838 4988 lsrael
849 4932 906 5005 pri·
960 4952 975 4980 ιι
989 4925 1089 4985 Israel.
1107 4948 1121 4976 ιι
1137 4925 1172 4980 itt
1185 4923 1249 4979 ideo
1264 4921 1334 4995 quia
1347 4921 1435 4978 tidem
1456 4917 1560 4976 habuit
1582 4919 1644 4976 hnc
1667 4917 1782 4988 mulier,

93 5015 261 5086 magaritam
271 5015 368 5088 (acad.
381 5021 430 5087 av).
443 5035 457 5067 ιι
469 5017 637 5076 Canesvero
648 5017 907 5093 gentiles,propter
960 5016 1060 5074 statim
1076 5013 1210 5072 ellectum
1227 5007 1361 5067 sanitatis
1385 5007 1446 5064 illia
1470 5011 1626 5065 consecuta
1641 5010 1694 5064 est.
1711 5007 1784 5064 Tres

94 5103 253 5172 spurcitiam
270 5103 450 5162 idololotria.
470 5105 556 5164 Canis
571 5123 687 5181 quoque
703 5107 732 5164 ln
747 5107 906 5183 Scripturis
960 5098 1088 5177 namque
1102 5102 1223 5158 virtutes
1238 5093 1414 5171 principales
1429 5095 1460 5152 in
1468 5095 1566 5152 verbis
1576 5094 1636 5152 sive
1647 5093 1784 5168 operibus

95 5189 178 5246 varios
193 5191 423 5266 significationes
437 5191 543 5262 habet;
560 5193 718 5268 aliquando
742 5212 794 5269 pro
816 5196 904 5266 malo,
960 5194 1049 5265 hujus
1064 5187 1197 5247 mulieris
1220 5183 1443 5259 cognoscimus:
1459 5183 1559 5260 fidem,
1576 5182 1782 5251 consuntlam,

96 5273 242 5350 aliquando
256 5281 376 5354 ponitur
388 5295 439 5353 pm
455 5281 541 5337 bono.
558 5281 653 5339 Bonos
668 5283 799 5340 doctores
814 5285 905 5358 signi·
960 5286 1047 5356 atque
1062 5275 1270 5335 bumilitatem.
1285 5272 1384 5328 Fidem
1400 5271 1514 5341 babuit,
1530 5272 1601 5344 quia
1616 5288 1683 5328 oum
1707 5274 1785 5327 esset

97 5359 304 5443 llcat,aicutper
314 5368 500 5426 Psalmistam
512 5369 619 5426 dicitur
630 5388 636 5426 :
649 5393 663 5422 ιι
676 5371 788 5445 Lingua
798 5389 903 5430 canum
960 5367 1087 5444 gentilla,
1104 5364 1228 5422 salutem
1245 5359 1310 5417 illle
1325 5377 1385 5416 sua
1400 5377 1417 5417 a
1432 5360 1555 5417 Domino
1572 5376 1603 5417 se
1628 5361 1785 5432 impetrare

97 5452 203 5510 tuorum
223 5473 255 5516 ex
274 5455 402 5514 inimicis
417 5457 453 5513 ab
469 5457 532 5532 ipso
548 5449 633 5532 (Psoi.
651 5459 752 5532 exm1);
771 5483 785 5510 ιι
800 5459 904 5532 malos,
959 5473 1045 5533 posse
1061 5471 1117 5513 non
1140 5447 1303 5528 dubitavit;
1320 5449 1526 5518 constantiam,
1542 5447 1611 5521 quia
1626 5447 1785 5504 comesset

97 5537 126 5594 de
140 5541 553 5622 qulbusperlaaiamdieitur:
566 5569 580 5596 ιι
592 5547 905 5617 consumationem·
958 5545 1121 5622 repudiata,
1138 5535 1239 5596 tandiu
1253 5538 1283 5593 iu
1305 5553 1389 5612 prece
1413 5535 1616 5611 perseverarit,
1630 5547 1783 5610 quousque

97 5621 179 5688 tentes
203 5630 305 5694 latrare
330 5635 392 5710 (tan.
418 5635 492 5714 rv1);
516 5657 531 5688 ιι
556 5634 715 5716 aliquando
743 5635 903 5711 hereticos,
958 5635 1036 5715 quod
1065 5630 1182 5710 petebat
1207 5626 1369 5706 acciperet;
1385 5625 1593 5696 bumilitatem,
1617 5622 1688 5700 quia
1714 5634 1780 5682 cum
