3930 6172
103 283 161 350 m
715 279 892 347 uomitus
913 277 965 342 ult
985 279 1186 346 laurone.
1747 283 1807 346 sti

105 437 119 472 ι
133 424 165 478 ut
178 419 331 478 rideamus
345 423 374 477 et
388 419 544 478 credamus
564 416 643 477 sinit
658 418 727 492 quid
744 415 922 491 operarisls
941 413 1104 482 Asenctus
1119 417 1228 492 ioseph
1244 417 1411 492 patriarcha
1428 417 1564 494 portavit,
1580 435 1667 493 quern
1682 435 1748 478 vere
1762 418 1805 478 sol

103 509 416 582 Perumneeratquod
426 509 462 566 de
472 507 738 582 quinquepenibue
748 505 823 580 pasti
834 504 928 562 sonti
983 505 1084 563 adorat
1099 511 1127 564 et
1142 507 1261 578 luna,et
1275 525 1378 566 omnes
1393 508 1483 566 stelle
1498 508 1734 575 benedicuntdd
1751 508 1807 568 hoc

102 598 233 656 mensur
247 598 302 656 hoo
317 599 447 673 quidem,
455 598 506 656 sed
522 597 590 654 huic
605 597 671 654 cibo
687 612 796 653 manna
810 596 845 653 de
855 593 927 652 coelo
982 595 1123 668 predium
1136 595 1200 653 ideo
1207 597 1286 652 venit
1293 598 1486 666 Dominus,ut
1496 595 1740 671 Samaritani,qui
1750 599 1808 655 he·

101 687 302 761 preferebant.
312 686 455 744 Dominus
464 690 563 744 autem
573 683 926 751 desuetaiemsedicshst,
983 685 1805 762 reditetemsibipatriarchelsraelvindieareeupiebent,

101 781 133 833 ul
148 776 242 848 Moysi
257 781 484 849 preponeretur.
492 776 554 832 Non
566 774 645 831 enim
656 791 748 830 ausus
758 777 801 830 est
814 773 928 846 Moyses
983 779 1174 847 agnoscerent
1189 792 1388 849 possessorem
1405 793 1504 845 suum,
1520 779 1548 833 et
1570 781 1808 834 converterentur

101 865 135 922 de
148 881 183 922 se
197 864 295 924 dicere
316 865 394 938 quod
416 865 499 920 deret
512 863 611 920 cibum
627 880 685 920 non
701 861 753 935 qui
776 861 859 934 perit,
876 862 926 917 sed
983 863 1018 920 ed
1031 861 1180 920 Christum
1191 864 1402 938 quilegitimus
1412 865 1584 938 patriarche
1594 865 1687 922 heres
1697 865 1808 922 setino-

102 954 150 1027 qui
165 953 256 1012 habet
269 954 360 1010 vitam
375 958 524 1038 eternam.
541 951 738 1008 Attendebant
761 949 839 1007 onim
861 949 928 1023 plus
982 954 1040 1007 tus.
1053 953 1125 1009 Dicit
1135 954 1213 1010 enim
1224 953 1423 1028 Dvangelista:
1437 977 1451 1006 a
1462 957 1546 1012 lesus
1557 957 1655 1011 eutem
1666 955 1806 1030 fatigatus

101 1039 928 1117 promittentemetqueeinondumvidebentmsjoraia·
982 1041 1806 1118 exitinere,sedebetsiosuper»puteumllrangslicase·

102 1219 197 1278 adhue
214 1220 445 1292 eliquamuJ'era
462 1218 599 1276 volebant
612 1215 675 1274 fieri
690 1217 727 1273 eb
742 1234 786 1283 ao,
802 1216 927 1290 quitum
983 1237 1040 1292 qus
1056 1219 1171 1292 signata
1186 1237 1243 1276 non
1257 1222 1394 1278 omnibus
1405 1225 1515 1294 patent,
1524 1226 1553 1278 et
1562 1239 1596 1278 ea
1609 1221 1742 1279 nonnulli
1753 1224 1805 1280 mi-

103 1325 208 1383 magna
225 1308 427 1382 pollicebatur.
435 1307 509 1374 Quid
521 1305 686 1380 (inquiunt)
692 1306 778 1374 lacis,
789 1309 821 1362 ut
831 1306 929 1363 erede·
983 1325 1039 1365 nus
1050 1308 1212 1382 diligenter,
1223 1310 1379 1383 minusque
1389 1311 1486 1368 sobrie
1495 1311 1724 1384 interpretando,
1735 1313 1805 1368 alle·

104 1415 167 1456 mus
183 1397 248 1468 tibi,
263 1402 294 1454 et
309 1402 342 1453 ut
356 1397 524 1454 noverimus
538 1395 610 1468 quid
625 1394 755 1468 opereris
765 1394 778 1450 l
790 1395 863 1462 Quia
874 1394 928 1450 mi·
982 1401 1052 1453 runt
1067 1397 1240 1471 plerumque
1250 1416 1302 1471 pro
1317 1399 1412 1456 salute
1423 1400 1591 1473 perniciem,
1601 1400 1805 1474 etpmcogni·

103 1487 201 1546 recula
215 1485 339 1559 suumn
352 1486 421 1542 huie
435 1484 579 1542 miraculo
595 1484 815 1556 comparebant,
825 1488 854 1540 et
864 1483 928 1540 ideo
982 1486 1061 1543 tione
1071 1486 1200 1542 veritatis
1211 1503 1349 1544 ermrem.
1359 1489 1494 1560 interque
1504 1487 1576 1545 illud
1585 1493 1631 1546 eet
1640 1505 1807 1546 sacremen-

104 1577 185 1650 quasi
201 1577 318 1634 minora
332 1575 391 1632 iste
400 1573 576 1647 ¹iudicabant
595 1590 660 1646 quse
684 1572 808 1630 faciebat
829 1572 927 1630 iesus.
982 1577 1142 1649 tum,quod
1151 1575 1347 1650 scriptumest
1357 1576 1659 1634 Dominumhoradiei
1669 1581 1807 1634 sextave·

134 1689 152 1717 u
168 1666 269 1723 Patres
284 1663 387 1734 nostri,
398 1663 546 1736 inquiunt,
557 1679 666 1719 manna
679 1663 929 1719 manducaverunt
983 1664 1062 1720 nisse
1071 1666 1105 1720 ad
1116 1669 1236 1737 puteum
1244 1665 1518 1739 lacob,lessumque
1528 1667 1564 1722 ab
1575 1665 1678 1722 itinere
1686 1666 1806 1744 resedis-

106 1779 119 1805 ι
134 1755 162 1812 in
177 1755 302 1824 deserto,
320 1753 397 1811 sieut
412 1753 555 1826 scriptum
570 1756 631 1808 est:
648 1751 733 1808 Dedit
747 1751 806 1807 illis
820 1769 929 1808 menne
943 1783 968 1851 B
983 1753 1468 1827 se,emuliereSemaritancpotum
1478 1754 1806 1829 petisseetcseteraquoe

105 1869 119 1896 α
134 1844 322 1910 manducare,
331 1866 345 1893 υ
354 1847 382 1899 et
395 1859 452 1899 non
463 1840 534 1898 teliu
548 1840 679 1914 operaris
695 1839 794 1913 qualia
804 1840 927 1914 Moyses.
983 1841 1013 1898 in
1024 1843 1125 1900 eodem
1135 1843 1198 1900 loco
1208 1843 1393 1900 dissutienda
1403 1847 1432 1900 et
1443 1845 1647 1916 pertractanda
1657 1845 1808 1910 dicuntur.

106 1935 195 1990 Panes
217 1932 396 1990 hordeaceos
419 1930 468 1990 ille
491 1949 549 1988 non
575 1929 665 1999 dedit,
686 1929 738 1986 sed
763 1947 871 1986 manna
894 1930 929 1986 de
984 1931 1024 1988 De
1039 1949 1098 2004 qua
1112 1933 1184 1990 reid
1200 1933 1329 2007 primum
1344 1932 1504 1989 tenendum
1519 1933 1700 2004 est,quodin
1716 1935 1809 1990 omni-

106 2023 184 2080 omle.
791 2049 799 2067 ·
984 2021 1040 2078 bus
1055 2021 1214 2094 scripturis
1228 2039 1346 2078 summe
1361 2019 1513 2095 vigilantia
1527 2022 1668 2079 custodiri
1683 2027 1806 2102 opertet,

138 2135 152 2162 «
163 2111 239 2168 Dixit
248 2127 318 2185 ergo
328 2108 480 2167 oislesus:
493 2111 595 2178 Amen,
604 2125 689 2166 emen
700 2107 765 2164 dice
776 2107 930 2176 rolrisuon
985 2115 1018 2167 ut
1032 2111 1194 2168 secundum
1208 2110 1296 2166 fidem
1312 2111 1346 2166 ilt
1361 2109 1536 2168 sacramenti
1550 2110 1640 2167 divini
1653 2112 1806 2186 expositio.

103 2225 117 2252 a
130 2201 243 2275 ldoyses
252 2199 334 2257 dedit
342 2197 425 2256 vobis
435 2215 541 2271 penem
552 2197 587 2254 de
598 2196 680 2264 coelo,
688 2196 739 2253 sed
752 2197 838 2253 Pater
847 2213 931 2254 meus
985 2200 1061 2256 Hora
1071 2199 1161 2272 igitur
1171 2197 1226 2254 diei
1237 2203 1328 2268 sexta,
1338 2198 1415 2255 venit
1426 2199 1461 2255 ad
1473 2204 1593 2271 puteum
1605 2200 1748 2258 Dominus
1760 2219 1810 2259 nc·

102 2313 117 2341 n
132 2291 183 2348 dat
192 2290 275 2346 vobis
285 2305 391 2362 panem
403 2289 439 2346 de
450 2286 521 2344 cmle
531 2303 642 2343 verum.
652 2286 747 2342 Verus
757 2285 835 2342 onim
846 2285 932 2359 panis
986 2291 1047 2346 ster
1065 2288 1154 2344 Video
1166 2288 1194 2343 in
1207 2293 1295 2360 puteo
1307 2285 1490 2344 tenebrosam
1502 2287 1731 2360 profunditatem
1744 2307 1750 2346 :
1762 2291 1811 2348 ed-

104 2399 117 2431 ι
131 2379 241 2452 estqui
256 2377 410 2435 descendit
423 2377 460 2433 de
475 2375 557 2446 coelo,
569 2381 598 2432 et
611 2376 662 2431 dat
675 2375 766 2432 vitam
782 2376 903 2432 mundo.
917 2398 931 2425 υ
986 2375 1335 2450 moneoergointelligere
1344 2376 1447 2432 mundi
1459 2376 1547 2449 hujus
1557 2377 1691 2435 infirmes
1701 2383 1810 2452 pertss,

102 2469 194 2525 iterus
209 2483 278 2541 ergo
293 2465 343 2524 ille
358 2464 443 2538 ponis
460 2468 515 2533 est,
533 2462 584 2538 qui
599 2465 649 2520 det
662 2463 752 2520 ritum
766 2465 887 2533 mundo,
904 2466 933 2520 et
986 2467 1015 2523 id
1026 2471 1070 2523 est
1081 2469 1221 2538 terrenas,
1232 2482 1291 2539 quo
1302 2465 1381 2523 venit
1388 2465 1531 2522 Dominus
1540 2466 1627 2523 lesus
1638 2466 1710 2524 hora
1719 2472 1810 2539 sexta,

99 2558 165 2631 ipse
175 2556 258 2614 cibus
267 2555 360 2612 estds
370 2570 428 2626 quo
439 2552 526 2628 paulo
538 2557 605 2608 unte
617 2551 732 2612 locutus
743 2569 808 2610 sum
819 2568 826 2607 z
837 2575 850 2603 ι
861 2553 932 2626 Ope·
986 2555 1015 2612 id
1031 2558 1075 2612 est
1090 2559 1170 2612 sexte
1184 2559 1268 2611 etate
1283 2553 1397 2625 generis
1419 2554 1552 2623 humani,
1567 2558 1709 2627 tanquam
1726 2573 1811 2614 sene·

98 2646 208 2704 remini
224 2645 325 2702 cibum
341 2643 391 2716 qui
406 2659 463 2699 non
481 2642 567 2715 perit,
584 2643 633 2698 sed
660 2641 709 2714 qui
736 2645 887 2714 pormanet
901 2642 931 2698 in
986 2648 1063 2702 ctute
1079 2644 1184 2700 veteris
1200 2641 1341 2709 bominis,
1357 2658 1415 2715 que
1426 2642 1568 2712 iubemur
1581 2643 1646 2699 exui
1663 2649 1695 2700 ut
1710 2645 1813 2702 indua·

98 2735 191 2792 vitem
206 2739 346 2792 eternam
372 2733 458 2805 (lucra.
477 2729 527 2804 vr).
545 2753 558 2780 n
576 2731 648 2802 Drgo
672 2735 702 2786 et
726 2729 798 2786 illud
824 2747 933 2788 menna
987 2749 1054 2789 mur
1068 2750 1152 2798 novo,
1164 2731 1215 2804 qui
1225 2731 1387 2788 secundum
1402 2731 1494 2786 Deum
1504 2735 1621 2787 oreatus
1631 2736 1686 2789 est.
1698 2733 1810 2791 Veteris

99 2824 157 2882 hoc
179 2822 376 2898 significabat,
392 2826 422 2878 et
444 2819 496 2876 illa
518 2819 619 2877 omnia
639 2819 724 2892 signe
748 2835 813 2876 mee
836 2824 930 2876 crant.
985 2822 1084 2896 itaque
1100 2820 1229 2878 hominis
1243 2819 1810 2894 rituquesecundumcarnemtempo·

99 2913 193 2988 Signa
207 2929 274 2974 mea
289 2909 443 2981 dilexistis,
459 2909 538 2984 quod
554 2907 775 2980 significabatur
799 2913 932 2966 contem·
986 2911 1038 2969 reli
1053 2910 1220 2968 conditione
1231 2908 1388 2982 peragitur,
1399 2909 1479 2964 sexta
1488 2911 1571 2964 etate
1581 2912 1809 2966 senectutecon·

100 3003 185 3060 uitis.
985 3000 1123 3058 cluditur.
1139 2997 1201 3063 Ouo
1224 3000 1382 3066 senectute,
1400 2999 1431 3052 ut
1454 2995 1526 3065 dixi,
1550 2995 1672 3054 humani
1693 2998 1809 3073 generis

136 3116 151 3143 «
170 3091 311 3148 Dixeruut
322 3105 391 3162 ergo
404 3087 441 3144 ad
458 3105 526 3144 eum
539 3103 546 3143 :
559 3086 691 3154 Domine,
703 3086 740 3143 da
754 3085 839 3144 nobis
853 3104 931 3143 sem·
986 3088 1128 3146 Dominus
1145 3089 1243 3143 noster
1252 3089 1364 3141 creator
1374 3089 1402 3140 et
1412 3088 1561 3158 reparator
1570 3086 1695 3154 advenit,
1707 3091 1739 3143 ut
1750 3104 1810 3145 mo-

101 3201 116 3233 e
131 3197 187 3254 per
200 3195 307 3254 ponem
323 3178 411 3234 huuc.
425 3199 439 3227 ι»
454 3176 604 3244 Quomodo
620 3174 726 3231 mulier
740 3175 790 3232 illa
806 3177 931 3233 Samari·
946 3153 968 3222 c
987 3177 1078 3234 rieule
1093 3174 1203 3232 scilieet
1217 3173 1305 3229 reteri
1319 3172 1449 3240 homine,
1466 3189 1574 3230 novum
1596 3172 1626 3228 in
1651 3191 1683 3231 se
1702 3175 1810 3234 eonsti-

99 3275 183 3342 κω,
198 3269 246 3328 cui
271 3267 383 3325 dictum
407 3271 453 3322 est
474 3265 562 3338 (loen.
580 3265 618 3334 rr)
637 3281 643 3321 ε
660 3288 673 3316 a
691 3263 745 3331 Qui
769 3262 876 3322 biberit
896 3266 932 3322 de
984 3259 1388 3339 tuarot,quemexutumluto
1401 3261 1564 3328 terreno,in
1580 3259 1709 3320 celestia
1721 3279 1811 3338 regne

101 3359 159 3416 hac
173 3376 260 3433 equa,
271 3375 331 3413 non
346 3355 426 3413 sitiet
441 3371 583 3427 unquam,
597 3377 610 3404 r
620 3354 759 3410 continuo
769 3352 820 3410 illa
830 3371 932 3412 secun·
986 3354 1167 3413 transferret.
1178 3353 1250 3424 Ergo
1261 3366 1340 3407 nunc
1351 3355 1469 3423 puteus,
1478 3353 1511 3406 ut
1521 3350 1696 3420 dictumest,
1706 3351 1811 3408 mundi

102 3447 175 3504 dum
187 3443 297 3522 corpus
311 3444 468 3518 eocipiens,
479 3445 529 3500 sed
543 3447 642 3500 temen
657 3459 755 3500 carere
770 3442 933 3517 indigentie
987 3445 1076 3517 huius
1090 3447 1238 3498 terrenum
1250 3439 1380 3494 laborem
1391 3442 1419 3495 et
1431 3443 1571 3495 terrorem
1582 3441 1738 3498 tenebrosa
1747 3457 1813 3515 pro-

101 3535 204 3596 rslens
215 3553 222 3594 :
235 3559 249 3586 κ
263 3535 315 3604 Da,
325 3533 432 3606 inquit,
443 3531 528 3598 mihi,
539 3530 672 3597 Domine,
682 3532 717 3588 de
727 3547 814 3604 equa,
827 3554 841 3582 »
851 3531 893 3588 sie
903 3535 932 3588 et
987 3533 1129 3591 funditate
1144 3527 1300 3603 significet.
1316 3527 1351 3582 ut
1365 3526 1506 3600 quonium
1527 3527 1651 3584 exterior
1665 3531 1710 3585 est
1724 3529 1812 3588 homo

106 3625 155 3682 isti
171 3645 180 3681 ι
194 3623 329 3690 Domine,
344 3623 382 3679 da
397 3620 482 3679 nobis
497 3637 603 3693 penem
625 3619 714 3688 hunc,
730 3619 781 3693 qui
796 3637 850 3677 noe
865 3621 931 3677 refi—
985 3627 1079 3688 vetus,
1097 3623 1125 3678 et
1140 3635 1233 3676 novus
1249 3617 1380 3682 interior,
1396 3615 1507 3672 dictum
1521 3620 1566 3672 esi
1587 3617 1623 3674 ab
1647 3618 1785 3691 Apostolo
1803 3635 1810 3674 :

106 3714 173 3784 cist,
187 3731 240 3774 nse
255 3713 384 3770 deliciet.
987 3735 1001 3764 «ι
1017 3713 1053 3768 ut
1068 3709 1092 3768 si
1108 3707 1232 3766 exterior
1246 3706 1334 3762 horno
1350 3709 1448 3761 noster
1461 3705 1668 3778 corrumpitur,
1678 3706 1728 3763 sed
1739 3706 1812 3762 inte-

142 3827 156 3852 «
173 3803 249 3862 Dixit
260 3818 333 3874 crgo
344 3799 387 3857 eis
401 3798 487 3856 lesus
505 3815 511 3854 :
529 3799 588 3872 ligo
604 3813 670 3854 sum
687 3795 770 3870 penis
785 3797 861 3855 vitu.
877 3799 932 3863 Qui
987 3801 1047 3858 rior
1060 3801 1216 3856 renovatur
1231 3795 1266 3851 de
1282 3794 1328 3850 dic
1342 3793 1371 3850 in
1388 3793 1465 3850 diem
1480 3793 1520 3862 (il
1534 3793 1594 3850 Cor.
1610 3793 1658 3866 ιν).
1671 3815 1685 3843 u
1699 3794 1811 3852 esctu-

112 3915 125 3942 ι
139 3893 215 3949 senii
229 3893 265 3950 ed
282 3905 406 3958 me,n0n
420 3887 586 3944 esuriet:et
597 3886 647 3959 qui
657 3886 748 3942 credit
759 3887 787 3946 in
804 3902 861 3958 me,
874 3903 931 3944 nou
987 3890 1061 3946 sime
1070 3880 1587 3958 omnino,quoniamomniavisibilie
1596 3881 1632 3939 sd
1639 3883 1811 3941 exteriorem

115 4001 127 4028 ι
142 3981 217 4038 sitiet
232 3995 376 4052 unquam.
394 3999 409 4028 u
425 3976 479 4042 Qui
494 3975 574 4034 venit
588 3976 624 4031 ed
641 3991 699 4044 me,
714 3975 769 4032 hoo
783 3981 838 4046 est,
855 3977 932 4050 quod
987 3977 1136 4035 hominem
1148 3969 1816 4047 pertinent,quibusdisciplinaClrristianare·

115 4067 200 4137 uitet
213 4067 264 4142 qui
279 4067 373 4124 credit
387 4065 417 4122 in
433 4081 490 4122 me.
502 4065 539 4120 llt
552 4065 631 4137 quod
647 4063 728 4133 dixit,
741 4081 798 4122 non
814 4067 932 4132 esuriet,
988 4064 1114 4123 nuntiet.
1132 4063 1208 4118 llere
1222 4063 1302 4117 sexta
1317 4058 1395 4114 venit
1410 4058 1553 4115 Dominus
1579 4060 1615 4115 ad
1636 4063 1768 4133 puteum,
1784 4060 1816 4117 id

117 4156 165 4214 laec
178 4156 400 4231 intelligendum
412 4157 470 4223 est,
487 4170 545 4210 non
561 4153 640 4209 sitiet
654 4169 796 4226 unquam.
807 4154 934 4227 Utraque
988 4158 1033 4212 est
1048 4151 1143 4208 medio
1159 4150 1205 4206 die
1222 4149 1300 4204 unde
1312 4149 1375 4218 jam
1392 4146 1494 4220 incipit
1508 4147 1552 4203 sol
1563 4147 1619 4202 iste
1630 4148 1755 4205 visibilis
1766 4147 1817 4205 de-

118 4247 188 4304 enim
207 4246 259 4304 ills
279 4244 428 4320 signilleat
443 4247 550 4299 eterne
565 4241 695 4310 satietas,
713 4242 763 4299 ubi
789 4243 869 4299 nulla
890 4249 936 4302 est
989 4243 1098 4300 clinare
1109 4240 1137 4296 in
1150 4235 1448 4300 oceasumouonism
1461 4235 1545 4292 nobis
1556 4235 1665 4291 vocatis
1675 4253 1692 4292 a
1702 4235 1817 4293 Ghmsto

120 4340 234 4408 egestas.
246 4335 355 4392 Pensm
371 4331 407 4388 de
421 4329 493 4388 cmlo
507 4330 692 4399 desideratis,
703 4333 769 4388 ante
784 4349 834 4387 vos
851 4331 937 4390 hebe-
988 4321 1818 4394 visibiliumdelectatiominuitur,utinvisibiliumamore

121 4425 162 4493 tis,
175 4429 202 4482 et
216 4441 274 4481 non
284 4421 485 4478 manducetis.
500 4421 556 4477 sed
576 4421 635 4477 dixi
659 4421 742 4478 vobis
768 4421 837 4494 quia
850 4426 879 4478 et
893 4423 936 4478 vi·
991 4421 1078 4478 homo
1093 4414 1215 4473 interior
1228 4415 1374 4470 recreatus
1391 4411 1426 4468 cd
1449 4410 1616 4468 interiorem
1641 4411 1736 4468 lucem
1752 4427 1819 4485 quae

123 4513 197 4571 dietis
212 4529 269 4584 me,
285 4519 314 4568 st
328 4528 386 4568 non
400 4509 583 4567 credidistis.
954 4524 979 4590 ῃ
995 4523 1146 4580 nunquam
1157 4501 1442 4568 exciditrevertatur‚
1452 4499 1615 4557 secundum
1625 4499 1817 4573 apostolicam

994 4594 1191 4670 disciplinam,
1208 4608 1266 4648 uon
1279 4605 1413 4662 querens
1435 4605 1500 4662 que
1526 4587 1671 4661 videntur,
1687 4590 1739 4647 ssd
1754 4605 1818 4662 que

992 4675 1817 4751 nonvidentur.«Quaeenimvidentur‚temporeliasunt;

994 4777 1170 4848 querentem
1186 4787 1244 4826 non
1260 4766 1398 4824 videntur
1408 4770 1516 4822 eterne
1526 4770 1597 4822 sunt
1607 4766 1633 4838 (l
1642 4765 1704 4822 Cer.
1720 4766 1793 4834 xru).
1804 4784 1818 4814 u

152 4869 239 4941 (iuss.
253 4869 307 4937 ev.)
325 4891 335 4916 ι
355 4866 385 4923 [ιι
405 4863 455 4923 illo
469 4867 611 4938 temporo,
622 4860 707 4920 'venit
720 4863 808 4922 lesus
823 4863 852 4920 in
868 4863 940 4921 ciri·
994 4863 1075 4932 Quod
1083 4865 1180 4917 eutem
1192 4857 1331 4929 letigatus
1339 4854 1419 4911 veuit
1429 4853 1464 4910 od
1475 4851 1820 4927 puteum,inlirmitatem

126 4979 137 5005 a
148 4963 232 5014 telem
245 4955 393 5026 Semcriu,
411 4973 475 5028 quas
497 4953 607 5011 dicitur
630 4953 743 5022 Sirhar,
756 4954 842 5025 juxta
866 4971 940 5027 prm-
995 4951 1091 5009 earnis
1107 4947 1268 5022 signifieat:
1280 4944 1357 5018 quod
1372 4942 1457 5009 sedit,
1467 4939 1758 5008 humilitatemouie
1767 4939 1822 4996 im·

126 5045 225 5102 «dium
241 5045 322 5118 qued
338 5043 418 5104 dedit
432 5042 523 5100 Jacob
536 5042 645 5116 Joseph
662 5041 722 5098 illio
738 5059 803 5113 suo,
817 5065 828 5092 ι
841 5042 943 5098 etreli-
996 5037 1181 5098 beeillitalem
1197 5032 1295 5090 carnis
1310 5049 1361 5106 pro
1378 5031 1462 5087 nobis
1478 5028 1618 5104 suscepit,
1626 5034 1655 5088 et
1669 5029 1822 5120 home-‚lao-

127 5151 182 5208 qne.
198 5135 271 5192 Cum
289 5137 388 5190 autem
403 5131 671 5208 diriperengelista
695 5129 724 5185 in
751 5147 810 5202 quo
835 5129 942 5204 praedic
998 5127 1128 5185 minibus
1137 5118 1823 5194 tamhumiliterappereredignatusestDehao

127 5229 179 5281 erat
193 5223 258 5281 lons
271 5222 372 5290 Jacob,
388 5220 524 5295 &Midili
999 5215 1168 5274 infirmitate
1183 5210 1279 5268 cernis
1296 5208 1437 5282 prophete
1452 5207 1542 5264 dicit:
1557 5231 1572 5259 «ι
1586 5209 1678 5266 Homo
1692 5209 1722 5264 in
1738 5206 1825 5282 pinge

153 5335 168 5362 ι
180 5313 266 5370 Jeeus
282 5313 394 5376 eutem,
412 5307 551 5382 fatigatus
571 5325 606 5364 ex
629 5307 744 5374 itinere,
770 5307 889 5363 sedehat
903 5306 945 5362 sic
1000 5305 1160 5380 positus,et
1171 5300 1266 5358 sciens
1276 5297 1352 5354 serre
1362 5296 1593 5354 imbecillitatem
1604 5300 1669 5368 (lse.
1681 5297 1750 5370 mn).
1759 5295 1824 5353 „De

128 5417 262 5474 «supra»
281 5402 414 5472 puteum,
428 5397 506 5470 quod
521 5403 643 5454 senotus
657 5395 746 5452 Jacob
761 5394 869 5468 loseph
887 5392 945 5450 tilio
1000 5392 1165 5450 hnmilitate
1175 5405 1242 5444 vero
1253 5385 1407 5461 Apostolus
1417 5385 1558 5459 loquitur,
1568 5387 1667 5444 dicens
1678 5401 1686 5443 t
1699 5407 1713 5436 u
1725 5383 1825 5441 llumi·

127 5487 391 5560 saedereliquerat.
407 5485 489 5551 Quod
507 5486 649 5560 predium
670 5503 729 5541 non
755 5489 815 5540 tam
840 5483 945 5555 loseph
1000 5478 1283 5550 lievitssmetipsum
1297 5475 1688 5549 lestussubditususquead
1700 5477 1824 5530 mortem

127 5595 204 5652 quam
219 5575 335 5634 Christo
351 5573 483 5634 ¹arbitror
507 5574 680 5636 derelictum
697 5592 703 5632 ;
721 5577 805 5646 cujus
822 5573 946 5646 figurem
1003 5570 1116 5646 (Philip.
1132 5567 1174 5640 11).
1193 5565 1395 5636 »Quanquam
1415 5563 1487 5621 illud
1503 5565 1581 5636 quod
1597 5563 1673 5621 sedit
1686 5560 1824 5634 quonium

381 4651 535 4710 HDldlLlA
553 4650 661 4708 XLVII.

331 4757 413 4798 reare
433 4757 519 4798 ssxra
538 4757 608 4797 ross
628 4740 717 4797 Oculi.
