4018 6178
169 287 227 364 idi
449 285 657 352 barucius
678 282 951 352 uacsuusrar.
975 281 1098 346 EPlSC.
1121 287 1208 350 ΟΜ).
1232 287 1332 352 PARS
1355 287 1393 351 11.
1408 321 1447 334 -
1461 285 1597 351 ucula.
1823 283 1880 350 tte

152 489 156 499 ,
170 419 388 496 transplantare
401 420 432 478 in
448 437 539 491 mare,
556 425 585 477 et
596 419 727 478 obediret
736 418 817 475 vohis
828 419 903 490 (Luc.
918 417 996 490 xvu).
1012 416 1041 484 Α
1055 419 1090 476 de
1106 417 1302 493 scpulcr0.1]e
1315 437 1374 496 qua
1388 420 1563 480 dormitione
1575 420 1636 494 ipse
1647 436 1698 494 per
1708 418 1879 494 prophetam

171 509 205 568 ut
220 513 289 586 quia
303 511 332 568 iu
348 509 517 568 centurione
528 505 639 584 gentili,
651 507 917 581 gentiumfidesest
927 524 998 581 pree·
1052 508 1123 565 dicit
1136 526 1142 564 :
1164 511 1250 584 «Ego
1265 511 1390 568 dormivi
1413 515 1441 568 et
1456 514 1612 585 soporatus
1628 527 1705 580 sum,
1728 513 1756 566 et
1781 526 1879 567 exsur-

172 601 307 676 tlgureta,
320 604 397 656 recte
408 599 463 657 iste
473 599 522 672 qui
533 598 575 654 sic
586 597 712 673 perlecta
722 594 854 664 eredidit,
866 595 998 652 centurio
1052 598 1112 653 rexi
1129 599 1216 662 (Prot.
1230 617 1262 656 ιιι
1276 641 1282 655 .
1303 622 1316 650 a

172 691 209 748 ab
224 687 404 764 evangelista
428 686 599 762 appellatur.
628 685 763 742 Centurio
786 684 865 740 enim
881 685 997 750 dicitur,
1087 711 1101 736 α
1119 689 1350 745 Etaocesserunt
1360 690 1396 746 ad
1407 707 1475 746 eum
1486 688 1624 762 discipuli
1637 689 1712 761 ejus,
1722 691 1750 744 et
1760 687 1882 744 suscita.

173 781 251 854 quod
268 780 369 835 subse
393 781 510 834 centum
530 776 636 832 habeat
658 773 775 831 milites.
792 773 998 830 Centenarium
1053 799 1068 825 a
1080 776 1882 850 verunteum,dicentes:Domine,salvaaosperimusn

174 867 282 942 quippe
297 883 438 923 numerus
449 865 595 940 perlectus
605 867 657 933 est,
671 863 720 936 qui
732 864 767 919 de
778 863 847 918 laeve
855 861 960 918 transit
969 861 998 918 in
1053 864 1117 921 Non
1128 870 1160 921 ut
1170 867 1283 940 aliquid
1294 868 1324 924 in
1337 868 1550 925 resurrectione
1562 883 1629 924 eum
1636 867 1741 938 juvare
1752 870 1881 938 possent,

175 955 373 1023 dexteramei
388 953 531 1010 circulum
547 953 722 1025 exprimens,
735 951 767 1007 fit
778 950 808 1008 in
822 951 943 1008 modurn
956 968 1001 1008 oo·
1053 953 1103 1027 qui
1129 971 1159 1011 se
1175 957 1293 1030 propria
1307 957 1414 1012 virtute
1430 955 1625 1021 resuscitavit,
1641 954 1693 1012 sed
1720 955 1804 1027 quasi
1830 955 1886 1028 ipsi

176 1064 266 1117 rone,
295 1043 375 1100 illam
406 1059 542 1099 coronam
571 1041 746 1114 exprimens,
774 1057 861 1114 quarn
891 1041 1000 1098 milites
1054 1045 1364 1113 eumsuscitaverunt,
1391 1045 1492 1118 quide
1520 1046 1584 1118 ejus
1613 1044 1827 1101 resurrectione
1853 1061 1886 1100 ex

176 1134 283 1190 Christi
299 1150 350 1206 pro
379 1129 525 1205 spirituali
550 1129 709 1187 certamine
733 1131 896 1204 percepturi
920 1135 1000 1198 eunt,
1055 1137 1136 1206 parte
1147 1134 1365 1204 dubitaverunt,
1381 1139 1459 1191 recte
1474 1133 1596 1191 dicitur:

177 1239 302 1296 quorum
319 1237 396 1277 unus
410 1219 594 1292 loquebatur,
611 1219 727 1277 dicens:
750 1242 763 1269 a
782 1220 892 1276 Bonum
908 1225 1001 1276 oerta-
1093 1245 1107 1273 a
1118 1223 1152 1278 Et
1167 1223 1309 1280 dixiteis:
1327 1223 1444 1280 Modico
1464 1223 1542 1292 fidei,
1566 1239 1657 1296 quare
1671 1221 1858 1278 dubitastis?
1874 1245 1887 1272 r>

177 1328 243 1368 rnen
260 1308 376 1378 certavi,
394 1325 513 1364 cursum
539 1307 750 1375 consummavi,
775 1307 863 1364 fidem
879 1307 1000 1365 servavi.
1056 1310 1173 1367 Modicre
1190 1313 1257 1368 fidei
1277 1317 1332 1380 est,
1356 1313 1407 1386 qui
1427 1329 1460 1368 ex
1482 1317 1564 1386 parte
1588 1312 1690 1380 credit,
1706 1315 1735 1368 et
1749 1328 1784 1368 ex
1809 1317 1889 1385 parte

177 1399 355 1471 Dereliquo,
381 1397 566 1472 repositaest
595 1396 668 1454 mihi
698 1413 804 1453 corona
822 1397 946 1470 justitie
962 1399 1000 1471 (u
1057 1401 1230 1458 nonoredit.
1246 1401 1320 1458 Nam
1342 1402 1440 1475 quiex
1455 1405 1516 1458 toto
1541 1400 1666 1469 dubitat,
1690 1399 1819 1457 infidelis
1835 1405 1888 1472 est,

179 1489 245 1545 Tim.
262 1490 311 1562 ιν).
326 1509 340 1538 u
1056 1490 1175 1546 Modicee
1191 1507 1259 1564 ergo
1274 1491 1342 1548 fidei
1364 1490 1501 1564 appellati
1519 1494 1590 1546 eunt
1611 1488 1747 1564 apostoli,
1773 1489 1844 1562 quia
1862 1490 1889 1544 in

476 1611 626 1670 ΗΟΜΙΜΑ
650 1609 705 1666 XX·
1057 1580 1122 1651 ejus
1148 1580 1365 1638 resurrectione
1396 1597 1444 1644 ex¹
1458 1584 1541 1652 parte
1570 1579 1789 1646 dubitaverunt,
1817 1583 1891 1636 teste

1058 1667 1203 1734 Matthaeo
1218 1669 1267 1741 qui
1284 1669 1339 1725 ait:
1368 1691 1382 1720 e
1398 1667 1538 1726 Undecim
1554 1667 1692 1741 discipuli
1709 1668 1847 1724 abierunt
1862 1669 1888 1724 in

1019 1788 1044 1854 B
1059 1756 1219 1826 Galilaeam,
1229 1757 1259 1812 in
1275 1763 1403 1815 montem
1417 1757 1467 1814 ubi
1478 1756 1671 1814 constituerat
1681 1755 1741 1812 illis
1751 1757 1850 1826 iesus,
1862 1762 1890 1813 et

210 1839 568 1918 ¹(Mnrru.v111.)'«lnillo
587 1845 727 1914 tempore,
745 1843 920 1900 ascendente
934 1845 1004 1902 lesu
1058 1846 1189 1902 videntes
1202 1863 1268 1902 eum
1286 1847 1489 1912 adoraverunt,
1512 1846 1634 1919 quidam
1649 1848 1747 1902 autern
1771 1845 1890 1902 dubite-

179 1960 193 1990 «
205 1931 1005 2005 innaviculam,secutisunteumdiscipuliejus.dtecce
1058 1940 1162 1992 verunt
1176 1936 1283 1999 (aratra.
1297 1941 1436 2004 xxviiii-r
1453 1935 1535 1992 Unde
1547 1935 1744 2008 meritojuxta
1757 1935 1887 1992 Marcum

179 2049 194 2078 a
208 2027 305 2082 motus
321 2021 550 2096 maguuslactus
560 2025 604 2076 rst
619 2021 649 2076 in
666 2019 750 2090 mari,
766 2021 1004 2094 etreliqua.»1n
1060 2024 1268 2098 evangelistam
1294 2025 1451 2084 novissime
1476 2023 1645 2097 increpatur
1657 2021 1776 2082 illorum
1792 2024 1887 2080 incre-

179 2114 270 2186 hujus
279 2111 414 2168 lectionis
424 2108 656 2182 serieutriusque
665 2126 724 2166 sue
734 2113 844 2166 naturae
853 2111 1005 2168 veritatem
1060 2113 1179 2182 dulitas,
1193 2117 1220 2170 et
1230 2113 1340 2170 duritia
1349 2112 1455 2180 cordis,
1468 2113 1539 2186 quia
1551 2112 1608 2180 his,
1620 2112 1672 2185 qui
1681 2111 1891 2170 videranteum

180 2202 323 2261 Dominus
335 2200 420 2258 iesus
436 2199 569 2255 Christus
580 2198 717 2272 dignatus
731 2202 777 2256 est
788 2202 1004 2270 commendare,
1060 2203 1264 2271 resurrexisse,
1290 2220 1347 2258 non
1373 2203 1571 2260 crediderunt.
1586 2201 1626 2259 De
1641 2201 1695 2258 hac
1720 2202 1892 2260 modicitate

181 2292 311 2349 divinam
335 2288 447 2346 scilicet
460 2291 488 2344 et
514 2287 684 2344 humanam.
709 2287 797 2356 Quasi
811 2289 889 2345 enirn
918 2289 1005 2348 homo
1060 2291 1127 2348 ssdei
1139 2291 1337 2365 arguebantur
1348 2291 1402 2359 illi,
1413 2291 1465 2363 qui
1480 2307 1497 2346 a
1512 2289 1635 2348 Domino
1646 2290 1819 2348 audierant:
1838 2315 1853 2342 «
1871 2293 1892 2348 Ο

181 2397 284 2438 navem
295 2377 436 2443 ascendit,
451 2378 501 2434 sed
518 2377 601 2448 quasi
612 2377 690 2433 Deus
707 2393 788 2433 mere
800 2379 1005 2436 conturbavit:
1061 2380 1142 2437 stulti
1158 2385 1186 2436 et
1201 2379 1276 2436 tardi
1287 2381 1374 2437 corde
1390 2380 1425 2436 ad
1439 2379 1618 2436 credendum
1628 2379 1659 2435 in
1672 2379 1811 2436 omnihus
1827 2397 1893 2453 que

182 2469 267 2544 quest
277 2468 365 2525 horno
375 2465 406 2522 in
417 2483 489 2522 nave
501 2463 647 2532 dormivit,
663 2465 712 2521 sed
725 2466 810 2538 quasi
821 2467 898 2524 Deus
912 2469 1006 2526 ventis
1060 2467 1149 2525 locuti
1158 2474 1227 2526 eunt
1237 2469 1383 2542 prophete
1394 2471 1469 2541 (hcc.
1482 2477 1569 2539 xxiv).
1580 2491 1594 2519 »
1604 2499 1638 2508 -
1648 2490 1662 2518 ι(
1674 2471 1754 2524 Tunc
1765 2484 1893 2542 surgens

319 1719 457 1762 nortuum
470 1715 663 1764 Quaererem
677 1715 860 1758 arturianum.

74 2547 80 2554 ’
182 2563 211 2616 et
224 2558 297 2615 mari
314 2555 475 2630 imperavit.
496 2554 553 2610 Neo
568 2554 632 2610 ideo
646 2555 728 2611 navis
743 2555 873 2612 officium
889 2575 1006 2614 assum.
1062 2581 1075 2608 a
1093 2557 1247 2632 imperavit
1260 2557 1354 2614 ventis
1369 2561 1398 2615 et
1412 2557 1496 2626 mari,
1511 2561 1540 2613 et
1550 2557 1680 2613 tactaest
1690 2555 1894 2630 tranquillitas

182 2647 250 2721 psit,
275 2651 379 2703 utnon
396 2648 492 2718 posset
509 2660 588 2700 mare
613 2643 732 2710 siccare,
759 2643 834 2700 siout
857 2647 1006 2718 quondam
1061 2670 1076 2698 «
1093 2664 1210 2721 magna.
1220 2645 1448 2720 »Surgensenim
1459 2647 1612 2715 Dominus,
1620 2645 1830 2716 ventisetmeri
1839 2646 1895 2704 im·

181 2723 279 2794 coram
293 2735 362 2792 tiliis
377 2731 465 2791 Israel
483 2733 609 2789 lecerat:
633 2730 677 2788 vel
692 2749 781 2805 super
796 2734 903 2791 ssuctus
917 2737 1007 2793 maris
1061 2733 1182 2806 pererit,
1200 2734 1319 2807 quando
1334 2751 1419 2791 suam
1437 2733 1680 2790 resurrectionem
1695 2735 1894 2792 manifestans

181 2825 342 2893 ambulare,
359 2823 409 2897 qui
424 2821 513 2879 etiarn
531 2823 625 2887 Petro,
637 2824 670 2876 ut
682 2837 771 2893 super
782 2822 889 2879 fluctus
903 2825 1006 2880 amhn·
1061 2821 1355 2896 discipultseteorum
1363 2822 1894 2896 mentibusdubitationemquiescere

180 2914 264 2986 leret,
281 2913 401 2969 tribuit:
417 2911 468 2967 sed
480 2927 542 2983 quae
553 2907 682 2965 hominis
697 2911 847 2984 euntegit‚
864 2916 1006 2969 utverum
1061 2909 1138 2978 lecit,
1150 2915 1179 2968 et
1189 2912 1339 2969 trementis
1349 2912 1517 2969 iudeorum
1535 2911 1635 2985 populi
1651 2909 1791 2968 sevitiam
1805 2929 1893 2970 com-

181 3001 330 3059 hominem
347 3017 400 3074 pro
415 2998 500 3055 nohis
511 2997 620 3054 lactum
632 3014 736 3054 ecesse
747 2997 919 3057 insinuaret.
935 3001 1007 3058 Alte
1061 3000 1179 3072 pressit,
1195 2999 1317 3072 impleta
1330 3000 1484 3074 prophetie
1499 3018 1562 3074 qua
1576 3000 1665 3057 dicit:
1685 3025 1699 3052 «
1717 3001 1807 3057 'derra
1831 3005 1892 3059 tre·

181 3091 278 3164 gerice
293 3093 392 3148 autem
408 3088 499 3156 navis,
513 3103 600 3159 quam
612 3085 755 3142 Dominus
765 3089 907 3155 ascendit,
919 3090 1006 3146 vexit·
1062 3087 1175 3144 muitet
1190 3088 1308 3162 quievit,
1325 3105 1391 3146 cum
1408 3078 1573 3162 resurgeret
1587 3088 1740 3161 injudicio
1752 3089 1841 3160 Deus,
1860 3095 1895 3147 ut

181 3179 243 3237 lum
260 3179 355 3238 crucis
371 3177 526 3253 significat.
544 3175 631 3248 Quasi
651 3176 729 3231 enirn
746 3193 849 3234 navem
864 3180 1004 3249 ascendit,
1021 3157 1042 3224 G
1061 3175 1272 3233 salvoslaceret
1283 3194 1385 3234 omnes
1396 3182 1566 3236 mansuetos
1574 3181 1660 3234 terrm
1675 3180 1761 3252 (Prot.
1775 3181 1894 3243 cxxvi.»

183 3271 300 3346 quando
324 3286 375 3342 pro
400 3271 500 3324 nostra
520 3263 691 3322 liberatione
707 3263 736 3318 in
751 3263 831 3339 ligno
860 3268 954 3324 crucis
978 3286 1009 3326 se
1098 3289 1112 3316 «
1125 3267 1212 3322 Porro
1227 3266 1362 3324 homines
1372 3257 1558 3338 miratisunt,
1573 3267 1722 3324 dicentes:
1736 3267 1837 3332 Qualis
1849 3275 1898 3326 ost

182 3357 288 3415 elevari
315 3356 459 3430 permisit,
484 3355 561 3410 sicut
586 3353 648 3425 ipse
662 3352 773 3409 Judaeis
788 3354 879 3412 dixit:
906 3379 920 3408 a
935 3357 1007 3413 Cum
1063 3375 1076 3402 κ
1089 3353 1147 3422 hic,
1164 3354 1233 3426 quia
1247 3354 1323 3410 venti
1340 3357 1369 3410 et
1384 3371 1464 3410 mare
1488 3353 1629 3410 obediunt
1641 3354 1690 3410 ei?
1706 3377 1720 3405 a
1744 3355 1805 3410 Nou
1836 3355 1896 3414 hoo

182 3444 377 3516 exaltaveritis
389 3443 494 3499 Filium
510 3440 649 3508 hominis,
666 3444 737 3495 tunc
754 3441 852 3498 scietis
871 3444 941 3515 quia
955 3462 1007 3520 ego
1062 3442 1185 3514 apostoli
1202 3442 1309 3500 dixisse
1323 3443 1446 3516 putandi
1468 3446 1547 3512 sunt,
1571 3444 1621 3499 sed
1640 3449 1734 3499 uautae
1749 3447 1777 3500 et
1793 3445 1896 3506 caeteri

182 3549 250 3590 sum
274 3535 370 3601 (Jooo.
388 3529 460 3598 viu).
478 3551 492 3578 »
508 3528 589 3585 Unde
604 3528 678 3583 bene
693 3528 808 3586 Marcus
823 3546 912 3604 prope
937 3533 1007 3590 sotis
1062 3529 1113 3602 qui
1128 3535 1211 3586 erant
1224 3530 1254 3586 iu
1269 3531 1346 3587 nuvi.
1362 3531 1418 3587 Sed
1434 3531 1458 3589 si
1471 3531 1537 3605 quis
1549 3531 1728 3588 contentiose
1749 3531 1803 3588 hoo
1819 3549 1898 3606 upo-

182 3638 320 3680 occasum
335 3636 404 3676 eum
419 3634 522 3674 navem
545 3615 714 3673 escendisse
740 3625 958 3689 commemorat,
975 3627 1008 3679 ut
1061 3618 1152 3676 stolos
1167 3619 1275 3676 dixisse
1295 3619 1440 3691 defendat,
1456 3622 1568 3678 noverit
1590 3638 1640 3677 cos
1666 3620 1801 3677 homines
1825 3639 1898 3680 esse

180 3707 328 3784 passionis
343 3709 408 3779 ejus
422 3709 640 3763 sacramentum
653 3703 824 3776 insinuaret,
837 3708 873 3764 de
888 3726 945 3782 quo
955 3728 1007 3783 per
1061 3707 1230 3780 appellatos,
1249 3709 1319 3780 quia
1332 3709 1428 3766 adhuc
1443 3709 1573 3766 humana
1588 3710 1751 3782 sapiebant.
1774 3709 1851 3766 Nam
1869 3712 1897 3770 si

181 3797 353 3872 prophetam
378 3793 500 3851 dicitur:
525 3817 539 3844 «ι
556 3793 604 3851 Sol
620 3793 902 3866 cognovitoccasum
918 3816 1005 3856 suum
1061 3797 1127 3870 quis
1143 3797 1306 3854 divinitatis
1330 3803 1465 3855 naturam
1488 3799 1662 3867 consideret,
1681 3815 1740 3855 non
1765 3803 1810 3855 est
1835 3800 1897 3858 boc

179 3888 265 3959 (Prot.
280 3889 349 3956 cnr).
366 3907 381 3936 n
405 3883 501 3943 Secuti
519 3887 588 3940 sunt
612 3899 679 3939 eum
695 3882 830 3956 discipuli
847 3887 921 3959 ejus,
937 3887 1006 3961 quia
1061 3885 1181 3954 mirum,
1193 3885 1217 3942 si
1225 3887 1320 3942 ventis
1330 3891 1358 3942 et
1367 3887 1441 3942 mari
1451 3887 1546 3961 potuit
1558 3888 1711 3960 imperare,
1721 3887 1771 3960 qui
1782 3895 1897 3946 cuncta

178 3974 375 4050 vestigiaejus
385 3971 532 4046 passienis
543 3975 614 4027 sunt
623 3969 742 4026 imitati.
757 3971 844 4045 Sequi
856 3974 934 4030 enirn
952 3981 1004 4034 Do·
1059 3991 1093 4030 ex
1109 3975 1201 4031 nihilo
1216 3976 1311 4048 potuit
1325 3993 1432 4034 creare.
1450 3977 1514 4050 lpse
1525 3977 1604 4033 enim
1620 3981 1682 4033 erat
1695 3977 1725 4032 in
1742 3977 1819 4044 navi,
1839 3979 1896 4052 qui

179 4065 304 4132 minum,
322 4062 430 4118 imitari
441 4065 495 4127 est,
507 4059 734 4132 sicutipsedicit
747 4077 754 4116 :
768 4085 781 4110 ι(
794 4063 846 4128 Qui
861 4063 932 4120 mihi
949 4068 1003 4122 mi·
1058 4063 1088 4118 in
1115 4063 1257 4138 principio
1281 4064 1439 4120 terminum
1467 4065 1621 4122 constituit
1644 4064 1746 4132 maris,
1766 4065 1892 4123 dicens:

178 4139 294 4221 nistret,
311 4169 358 4208 me
373 4154 513 4224 sequatur
527 4151 619 4212 (loon.
636 4151 695 4213 nui.
709 4171 723 4198 »
740 4149 773 4204 ut
785 4148 891 4208 iterum
903 4170 910 4208 :
923 4177 938 4204 «
950 4155 1003 4219 Qui
1060 4173 1074 4204 α
1088 4149 1245 4226 Hucusque
1259 4153 1368 4221 venies,
1385 4158 1414 4210 et
1427 4157 1486 4210 'nou
1498 4154 1638 4227 procedes
1651 4153 1778 4227 amptius
1795 4157 1825 4210 et
1841 4155 1893 4212 hic

177 4244 240 4300 vult
253 4240 351 4300 venire
366 4244 433 4314 post
451 4255 506 4307 me,
524 4236 648 4312 abneget
663 4237 864 4310 semetipsum,
880 4245 909 4298 et
922 4243 1005 4300 tollat
1058 4242 1224 4315 confringes
1243 4245 1390 4298 tumentes
1414 4243 1521 4299 ductus
1544 4247 1612 4299 tuos
1636 4243 1707 4314 (lot.
1724 4257 1857 4318 xxxvru).
1878 4267 1890 4296 ι

177 4349 293 4389 crucem
310 4347 407 4400 suam,
423 4332 453 4385 et
468 4329 609 4400 sequatur
624 4340 670 4382 me
685 4329 761 4395 (huc.
778 4326 827 4399 ui).
846 4351 860 4378 u
876 4329 932 4386 Sed
948 4331 1003 4389 Do·
1058 4331 1219 4388 Possumus
1235 4347 1350 4402 quoque
1365 4335 1395 4388 et
1410 4333 1483 4388 hano
1494 4331 1611 4388 Domini
1623 4331 1840 4404 navigationem
1852 4335 1892 4390 ad

177 4421 257 4478 mino
272 4436 375 4481 navem
392 4418 576 4475 ascendente.
1057 4419 1222 4492 generalem
1234 4417 1368 4474 sceleste
1378 4421 1483 4476 reterre
1492 4420 1736 4493 persecutionem,
1746 4422 1895 4494 quoniam

214 4531 227 4558 a
244 4510 340 4565 Motus
355 4523 481 4582 magnus
497 4505 591 4562 lactus
603 4502 686 4559 estin
699 4503 783 4570 mari,
797 4525 810 4554 u
822 4505 901 4576 quia,
913 4505 963 4562 illo
974 4507 1004 4564 in
1019 4518 1042 4582 p
1060 4506 1140 4562 navis
1154 4506 1314 4579 aliquando
1325 4506 1453 4564 Ecclesia
1464 4508 1648 4582 designatur,
1664 4507 1742 4565 siout
1755 4525 1808 4581 per
1822 4527 1895 4582 pro-

175 4613 261 4652 oruce
271 4596 425 4668 pendente,
433 4593 590 4650 commotio
598 4591 726 4648 recteest
736 4591 765 4645 in
775 4592 880 4664 populo
888 4593 1004 4652 ludeo·
1058 4595 1176 4666 phetam
1187 4594 1314 4650 dicitur:
1328 4617 1342 4644 a
1358 4596 1411 4664 Qui
1422 4597 1605 4654 descendunt
1620 4613 1700 4654 mare
1710 4596 1740 4652 in
1752 4597 1894 4668 navibus,

176 4702 251 4742 rum.
265 4683 353 4750 Quasi
369 4683 447 4740 enim
460 4699 541 4739 mare
551 4679 694 4746 tumebat,
706 4680 824 4751 quando
833 4681 1001 4742 iudeorum
1015 4755 1017 4762 y
1056 4681 1195 4739 iacientes
1205 4683 1402 4755 operationem
1411 4685 1441 4740 in
1451 4685 1536 4757 aquis
1545 4684 1658 4744 multis.
1669 4685 1895 4760 Ipsisviderunt

174 4772 301 4848 populus
317 4772 466 4830 tremendo
483 4769 648 4826 clamabat:
666 4791 680 4818 ι(
697 4766 849 4841 Crucitige‚
865 4771 1002 4846 crucitlge
1056 4787 1145 4844 opera
1162 4769 1287 4838 Domini,
1304 4778 1332 4828 et
1354 4773 1501 4830 mirabilia
1516 4775 1580 4846 ejus
1592 4773 1622 4830 in
1637 4774 1783 4848 protunda
1800 4777 1891 4838 (Part.

175 4863 263 4933 (toan.
288 4869 371 4929 xm»
396 4860 495 4918 talem.
521 4861 647 4914 'lantum
673 4860 772 4912 autem
789 4862 887 4915 motus
912 4861 1002 4918 marie
1056 4862 1122 4926 cvr).
1141 4883 1154 4912 r
1169 4860 1223 4923 Qui
1238 4877 1306 4934 ergo
1321 4861 1442 4936 pelagus
1458 4863 1561 4918 mundi
1578 4863 1704 4919 transire
1727 4863 1890 4936 desiderat,

174 4949 335 5021 prevaluit,
348 4973 361 5001 a
373 4953 405 5005 ut
420 4945 553 5005 navicula
568 4945 730 5019 operiretur
740 4945 888 5002 ductibus.
903 4970 916 4996 o
928 4949 1003 5013 Quia
1055 4949 1145 5022 hujus
1157 4949 1238 5006 navis
1246 4951 1392 5024 gremium
1400 4967 1517 5010 necesse
1528 4952 1675 5016 ascendat,
1688 4952 1718 5008 id
1728 4953 1892 5020 est,ldecle-

174 5035 205 5092 in
221 5039 335 5091 tantmn
362 5037 486 5092 excrevit
510 5033 672 5108 persecutio
694 5032 874 5105 iudeorum,
892 5041 924 5090 ut
938 5035 1001 5108 ipse
1056 5037 1104 5094 sia
1121 5038 1303 5095 memhrisee
1314 5039 1409 5096 tideet
1423 5056 1509 5112 opere
1520 5041 1620 5097 societ.
1637 5038 1726 5106 Quasi
1737 5041 1818 5097 euim
1834 5043 1891 5099 Do·

171 5123 310 5198 princeps
322 5123 519 5195 apostolorum
538 5122 687 5180 Christum
705 5125 834 5194 negaret,
852 5127 880 5178 et
895 5123 958 5196 ipse
972 5130 1002 5182 et
1056 5127 1155 5184 minue
1165 5145 1267 5186 navem
1277 5127 1419 5197 ascendit,
1431 5130 1549 5201 quando
1560 5128 1790 5203 predicantibus
1801 5129 1893 5188 disci·

174 5211 224 5269 alii
244 5217 362 5284 propter
386 5215 498 5267 metum
514 5211 681 5267 Judeorum
696 5209 727 5265 in
747 5209 875 5268 conclavi
892 5212 999 5271 reside·
1054 5215 1132 5289 pulis
1148 5218 1183 5273 ad
1199 5215 1358 5273 Ecclesiam
1374 5217 1460 5273 venit.
1480 5241 1494 5268 α
1511 5219 1566 5274 Sed
1583 5223 1682 5274 motus
1698 5234 1828 5292 magnus
1844 5219 1890 5278 la-

174 5305 248 5356 rent.
261 5323 274 5348 «⁴
287 5299 351 5373 lpse
371 5315 437 5356 vero
452 5297 631 5388 dormiebat:
646 5322 659 5348 »
685 5297 755 5371 qaia
778 5301 1000 5361 resurrectionis
1054 5309 1119 5362 ctus
1129 5311 1173 5362 eet
1185 5305 1213 5360 in
1226 5304 1309 5360 rnari.
1321 5327 1334 5354 n
1344 5304 1416 5370 Quia
1426 5306 1893 5381 perseeutiopagauorum,insti,

172 5406 232 5446 suae
255 5387 418 5461 potentiam
447 5385 591 5458 usquein
620 5385 751 5442 triduum
776 5387 936 5448 differebat.
965 5393 1000 5448 ut
1052 5400 1139 5467 gente
1151 5393 1275 5460 diabolo,
1288 5397 1389 5451 contra
1400 5396 1559 5454 Ecclesiam
1574 5393 1891 5462 consurrexitintnm

171 5478 293 5551 pulchre
304 5495 382 5535 mors
392 5474 499 5533 Christi
510 5490 613 5530 somno
624 5480 820 5548 comparatur,
833 5479 901 5550 quia
912 5497 997 5536 nomo
1052 5487 1115 5538 turn
1125 5505 1139 5530 e
1150 5486 1181 5538 ut
1189 5479 1322 5537 navicula
1331 5483 1494 5557 operiretur
1504 5485 1653 5542 fluetibus.
1664 5507 1678 5535 »
1689 5482 1846 5553 Videlicet,
1854 5489 1891 5542 ut

172 5583 232 5647 gam
249 5567 331 5625 tacite
345 5568 488 5627 excitatur
503 5581 519 5620 a
534 5579 648 5631 somno,
669 5580 758 5634 quam
777 5565 824 5622 ille
841 5571 998 5626 resurrexit
1051 5575 1199 5627 crescente
1216 5573 1427 5646 persecutione,
1441 5575 1568 5634 Ecclesia
1582 5575 1611 5632 io
1627 5572 1728 5647 paucis
1743 5571 1886 5631 fidelibus
