3930 6172
82 337 126 400 tlt
658 331 836 397 llOMlLlAE
859 329 908 392 he
930 331 1130 398 TEMPORE.
1688 339 1748 404 ata

74 473 178 528 «autem
188 463 567 540 ascenderuntlratresejus,
577 473 646 525 tnnc
657 471 684 524 et
695 467 757 541 ipse
769 481 867 522 ascen·
880 466 908 531 Α
925 464 1058 524 Christus
1074 471 1261 542 nuncupatus
1283 471 1328 526 est
1343 465 1433 525 Deus:
1451 467 1501 524 sed
1516 470 1682 543 expressius
1697 473 1749 530 ilr-

70 586 80 610 ι
91 559 125 616 dit
138 558 169 614 ad
183 558 253 613 diem
269 557 385 624 festum,
404 575 460 614 non
477 559 642 626 inanileste,
668 558 718 614 sed
735 555 819 629 quasi
836 555 865 610 in
920 556 1199 630 miusquelldelium
1209 557 1341 614 omnium
1351 557 1531 614 unanimitas
1539 556 1658 616 clamat:
1671 560 1750 618 Chri·

70 647 218 704 «occulto»
232 647 407 702 ldeononad
422 647 498 702 diem
514 645 797 718 lestnmhuue,quia
808 659 865 700 non
920 649 1144 716 stusllensest,
1171 648 1342 714 bonusest,
1369 661 1455 703 verus
1485 651 1560 702 heus
1589 651 1643 715 est,
1674 652 1749 707 teste

65 735 163 812 gloriari
180 735 379 807 temporaliter,
393 737 444 792 sed
458 733 570 810 aliquid
585 735 864 820 salubriterdocere,
919 735 1035 808 egregio
1060 735 1258 810 praedicatore.
1284 737 1334 808 qui
1358 735 1417 792 nit:
1444 737 1572 802 Quorum
1598 740 1695 809 patres
1713 753 1748 794 ex

65 827 184 898 corrigere
207 823 346 890 homines,
363 825 398 880 de
413 825 460 880 die
481 825 556 882 testo
571 829 677 882 aeterno
696 825 863 888 admouere,
920 820 1028 892 quibus
1043 821 1186 888 Christus,
1212 821 1261 895 qui
1278 827 1322 878 cst
1337 839 1424 896 super
1439 820 1538 880 omnin
1565 822 1643 881 licus
1657 823 1745 882 bene·

65 917 92 974 ab
105 931 191 970 amore
206 912 300 969 saculi
327 919 464 981 auertere,
479 920 507 970 et
522 915 558 970 ad
575 914 666 972 Deum
685 917 862 968 convertere.
919 909 1024 967 dictus.

63 1003 120 1072 Quid
135 1009 173 1059 est
195 1006 289 1058 autem
305 1002 382 1076 quod
412 1003 497 1077 quasi
526 1001 651 1058 latenter
680 1001 810 1058 ascendit
826 1001 862 1056 od

64 1093 123 1147 diem
137 1090 256 1146 testum?
270 1090 332 1146 Non
349 1097 430 1147 vacat
443 1095 470 1147 ot
487 1091 542 1148 hoc
557 1089 673 1148 Domini
687 1107 771 1163 opus.
788 1089 862 1144 Nam
1211 1055 1361 1112 HOMIHA
1382 1055 1450 1111 LIX·
1499 1155 1503 1166 Ι

62 1197 142 1236 amires
157 1179 216 1236 dies
230 1179 294 1236 sesti
307 1178 486 1248 ludaeorum,
503 1180 532 1236 in
546 1180 641 1251 figure
653 1179 781 1234 luerunt.
794 1176 861 1237 ldeo
1112 1171 1193 1210 *W
1213 1171 1324 1217 QUAM*
1344 1170 1413 1209 ¹²⁰⁵T
1435 1153 1545 1210 mm·

62 1270 169 1326 Christus
183 1266 305 1324 latenter
319 1269 498 1325 ascendebat
523 1269 553 1324 in
569 1270 621 1336 ais,
643 1268 713 1340 quia
727 1266 861 1323 Christus
951 1267 1046 1338 (loru.
1064 1269 1101 1342 x).
1119 1292 1132 1318 ιι
1149 1270 1181 1325 ln
1198 1268 1248 1325 illo
1266 1273 1405 1342 tempore,
1423 1269 1498 1326 sacta
1521 1271 1591 1325 sunt
1614 1266 1743 1326 encaenia

62 1357 126 1412 latuit
137 1358 162 1413 in
173 1356 238 1414 illis:
252 1358 360 1430 populo
373 1375 439 1414 vero
450 1357 540 1432 priori
554 1357 695 1424 occultus,
714 1355 798 1412 modo
814 1370 861 1410 vo·
916 1379 928 1405 ιι
943 1355 1160 1430 Hierosolymis,
1170 1361 1198 1412 ot
1209 1357 1303 1413 hiems
1312 1361 1382 1414 erat.
1393 1356 1701 1414 Etamhulabatlesus
1711 1355 1740 1412 in

62 1465 83 1514 ro
92 1447 186 1502 meliori
198 1445 305 1520 populo
314 1447 498 1503 manifestus.
509 1447 667 1517 Ouiuquod
680 1445 726 1502 ille
735 1443 860 1518 populus
919 1469 932 1496 ιι
948 1446 1055 1518 templo
1064 1446 1093 1501 in
1102 1448 1216 1518 porticu
1226 1446 1401 1512 Salomonis,
1414 1469 1423 1494 ι
1435 1445 1594 1518 etreliqua.
1607 1445 1741 1504 Encaenia

60 1537 80 1592 in
91 1537 180 1592 umbra
192 1537 305 1608 agebat,
321 1553 374 1592 nos
390 1553 457 1591 vero
473 1536 628 1592 manil'asta
643 1534 707 1590 luce
725 1532 859 1590 iacimus.
915 1540 1012 1590 autom
1034 1536 1191 1591 vocabatur
1216 1533 1387 1591 solemnitas
1407 1534 1598 1591 dedicationis
1626 1534 1738 1607 templi,

60 1623 235 1696 licetquidam
245 1623 406 1696 intelligere
416 1623 512 1690 velint,
526 1624 601 1680 hanc
610 1623 725 1680 Domini
741 1639 859 1694 respon-
914 1641 1001 1694 quam
1019 1623 1371 1697 populu'slleiexantiqna
1384 1629 1498 1695 petrum
1509 1621 1674 1690 traditione,
1690 1639 1740 1695 per

59 1713 155 1778 sionem,
170 1729 226 1786 qua
238 1713 280 1768 ait
295 1713 393 1786 :uligo
407 1730 464 1769 non
476 1713 600 1769 ascendo
611 1713 647 1768 ad
661 1711 738 1768 diem
751 1712 859 1767 lostam
913 1712 1297 1786 annossinguloscolebrure
1305 1716 1502 1768 consueverat.
1512 1712 1568 1768 Sed
1577 1712 1737 1768 notandum
1775 1757 1778 1765 .

58 1799 208 1869 hunedena.
223 1804 285 1870 vic),
305 1825 318 1852 ιι
346 1801 382 1857 ad
399 1802 567 1874 passionem
595 1801 675 1858 illius
691 1800 856 1874 portinere:
875 1838 896 1902 n
914 1806 958 1857 ost
973 1801 1051 1874 quod
1064 1803 1125 1860 bec
1146 1801 1284 1870 encenia,
1300 1819 1365 1874 qum
1380 1800 1427 1858 hic
1450 1800 1596 1874 leguntur,
1616 1817 1673 1856 uon
1701 1799 1736 1856 ad

58 1889 107 1960 quin
119 1889 244 1946 Christus
260 1908 319 1946 non
335 1891 365 1946 in
381 1890 536 1946 festivitate
552 1889 741 1962 scenopegiae,
759 1889 807 1944 sed
826 1889 855 1942 in
913 1891 1039 1962 primum
1054 1891 1156 1965 templi
1171 1892 1394 1958 dedicationem,
1410 1891 1460 1946 sed
1477 1889 1504 1946 al
1521 1888 1655 1946 ultimam
1672 1906 1736 1964 per-

58 1977 183 2035 testiritate
198 1979 339 2053 paschali,
356 1997 415 2052 qua
429 1995 523 2052 agnus
536 1979 627 2034 occidi
638 1977 759 2046 solebat,
771 1993 855 2032 cruce
911 1979 1025 2037 tinent:
1052 1983 1128 2053 quod
1154 1997 1188 2038 ax
1203 1998 1236 2038 eo
1265 1979 1348 2036 facile
1373 1977 1530 2052 colligitur,
1552 1978 1621 2051 quia
1641 1978 1737 2034 bieme

56 2066 167 2122 ascendit.
870 2081 872 2086 ·
911 2069 987 2126 sacta
1000 2071 1176 2126 reseruntur,
1189 2069 1287 2126 Prima
1298 2068 1443 2141 siqnidem
1453 2065 1554 2140 templi
1565 2067 1709 2124 dedicatio
1721 2084 1739 2124 a

81 2179 91 2203 ι
103 2156 199 2212 iudeis
211 2161 310 2214 autom
323 2157 494 2232 quaerebant
504 2173 571 2212 eum
582 2156 613 2211 in
626 2155 673 2212 dio
686 2156 768 2224 l‘esto,
780 2178 793 2204 ιι
808 2171 856 2210 an·
910 2158 1065 2216 Salomone
1081 2167 1210 2231 temporo
1221 2157 1366 2226 autumni;
1376 2157 1505 2214 secunda
1516 2160 1613 2212 mrtem
1629 2156 1739 2213 aZoro·
1822 2229 1826 2238 ‚

55 2248 147 2316 tequam
161 2247 339 2304 ascenderet.
365 2245 478 2304 Priores
494 2243 571 2302 enim
589 2246 693 2300 iratres
717 2245 854 2300 ascende·
910 2247 994 2304 babel
1018 2252 1046 2304 et
1069 2248 1137 2304 lesu
1163 2247 1312 2304 sacerdote
1335 2250 1466 2319 tempore
1489 2262 1596 2316 verno;
1621 2245 1738 2302 tertiae
1827 2253 1830 2258 “

55 2339 112 2400 rant,
124 2339 149 2390 et
162 2353 217 2392 nou
231 2341 304 2391 tuno
317 2332 449 2392 ascendit
463 2333 511 2390 ille
524 2334 641 2407 quando
656 2332 696 2389 illi
713 2334 856 2406 putabant
908 2335 1159 2394 ludaMachehaeo
1174 2342 1303 2409 ternpore
1318 2333 1424 2392 hiemis
1440 2339 1484 2390 est
1508 2334 1593 2402 lacta,
1618 2335 1736 2407 quando

55 2427 73 2474 ct
84 2423 200 2480 colebant
212 2431 243 2480 ut
251 2427 318 2498 Jam
332 2424 386 2480 hoc
399 2424 569 2498 impleretur
581 2423 658 2496 quod
673 2423 727 2478 nit:
742 2423 803 2478 Nou
818 2423 854 2478 ad
910 2425 1075 2498 specialiter
1089 2425 1283 2482 constitutum
1298 2441 1362 2482 esse
1372 2424 1488 2498 legitur,
1501 2428 1533 2480 ut
1542 2423 1644 2480 eadem
1655 2423 1736 2480 dedi·

56 2509 121 2579 bunc,
133 2511 158 2568 id
170 2519 221 2580 est,
235 2513 273 2569 ad
286 2529 374 2586 quem
387 2530 438 2568 vos
452 2511 549 2578 vultis,
564 2511 691 2584 primum
702 2509 743 2566 vel
754 2527 855 2566 secun·
909 2515 984 2571 catio
1008 2531 1059 2588 per
1082 2531 1183 2571 omnes
1204 2532 1297 2570 annos
1313 2513 1341 2570 in
1359 2512 1530 2568 memoriam
1554 2511 1736 2568 solemnibus

56 2599 106 2655 dum
117 2601 195 2658 diem.
220 2602 361 2659 Ascendit
375 2605 473 2658 autem
490 2607 601 2674 postea,
619 2603 652 2656 ut
666 2598 853 2672 Evangelium
909 2607 1091 2660 revocaretur
1104 2603 1225 2660 olticiis:
1242 2621 1330 2675 quarn
1347 2601 1486 2658 etiamad
1508 2604 1624 2673 tempus
1643 2617 1736 2673 usque

56 2685 167 2760 loquitur,
194 2691 324 2748 mediato
343 2690 390 2748 dio
405 2691 488 2758 testo,
505 2691 533 2746 id
550 2693 595 2746 est
617 2705 683 2744 cum
695 2689 759 2760 Jam
776 2686 854 2744 illius
908 2692 1067 2748 Dominicm
1090 2692 1300 2748 incarnationis
1323 2691 1507 2748 observatam
1533 2687 1633 2754 luisse,
1659 2689 1737 2745 sicut

57 2775 160 2834 lieilcsti
175 2785 216 2836 tot
229 2781 295 2837 dies
311 2781 517 2853 praeterissent,
535 2779 612 2851 quod
631 2778 852 2834 remansissent.
909 2781 1005 2849 modo,
1022 2799 1089 2838 cum
1104 2781 1248 2854 legeretur
1263 2777 1455 2852 evangelium,
1472 2777 1650 2834 audivimus.
1667 2779 1735 2843 Qum

57 2864 404 2936 lpsamcnimlestivitatem
415 2865 852 2942 quantumintelligendumest,
907 2869 995 2925 etiam
1011 2870 1164 2936 dedicatio,
1183 2867 1292 2925 salubri
1309 2865 1530 2932 consuetudine,
1551 2864 1581 2921 in
1598 2863 1733 2922 Ecclesiis

57 2953 133 3012 dicbus
146 2958 277 3030 plurimis
290 2957 449 3015 celebrant.
780 3010 783 3018 ,
907 2957 1012 3013 Christi
1026 2958 1165 3015 reservari
1177 2958 1316 3014 moderno
1331 2961 1460 3028 tempore
1476 2953 1647 3010 dinoscitur.
1663 2951 1734 3009 Con-

81 3045 331 3122 «arcebantergoz
357 3045 410 3102 Ubi
430 3043 852 3104 estille‘llltmurmurmul·
906 3045 1096 3103 siderandum
1126 3048 1210 3103 nobis
1237 3050 1281 3102 est
1310 3061 1400 3117 quare
1421 3039 1598 3116 evangelista
1611 3039 1734 3098 dixisset

56 3137 125 3190 «tum
147 3141 204 3193 erat
228 3138 264 3194 de
281 3154 317 3193 oo
332 3137 362 3192 in
389 3135 485 3192 turha.
502 3159 516 3187 ιι
533 3135 614 3192 Unde
640 3133 796 3190 murmur?
812 3133 852 3188 De
906 3133 966 3190 hece
981 3135 1109 3192 encaenia
1123 3135 1228 3191 hiemis
1252 3139 1382 3205 tempore
1407 3131 1483 3188 lacta
1506 3147 1581 3187 esse.
1606 3128 1731 3187 Omnino

56 3225 215 3282 contentione.
238 3226 311 3291 Qum
339 3225 394 3280 luit
416 3224 585 3280 contentio?
600 3247 613 3274 ιι
631 3223 755 3289 Quidam
770 3220 849 3278 enim
865 3207 887 3274 C
904 3228 1022 3296 propter
1035 3223 1174 3280 duritiam
1189 3223 1358 3280 ludaeorum
1383 3225 1412 3277 et
1430 3217 1642 3284 infidelitatem,
1666 3233 1730 3290 qun

56 3310 207 3370 adiectam:
224 3316 298 3388 quia
322 3316 485 3370 bonusest.
501 3311 556 3368 Alii
581 3314 678 3368 autem
692 3311 848 3367 dicebant:
905 3313 1022 3388 frigoris
1037 3313 1155 3369 nomine
1171 3309 1404 3384 saepedesignari
1416 3307 1533 3382 legitur.
1552 3328 1566 3357 ιι
1581 3307 1616 3362 Et
1631 3305 1733 3361 amhn-

57 3421 64 3444 ι
76 3404 181 3462 aan.sed
193 3405 309 3460 seducit
320 3403 433 3460 turbas.
445 3425 458 3452 c
476 3407 513 3458 De
528 3403 665 3458 omnibus
681 3402 746 3472 ejus
761 3399 851 3456 servis
905 3403 984 3459 labat
1009 3403 1095 3459 lesus
1110 3401 1140 3457 in
1169 3400 1278 3473 templo
1299 3399 1329 3454 in
1344 3397 1458 3471 porticu
1486 3393 1661 3452 Salomonis.
1676 3416 1689 3444 ιι
1703 3393 1733 3450 Si

56 3485 92 3542 hoc
104 3490 306 3560 diciturmodo,
316 3493 483 3564 quicunque
496 3491 626 3546 eminent
639 3490 668 3545 in
680 3489 777 3562 aliqua
788 3505 852 3562 grn—
906 3509 974 3566 ergo
990 3491 1039 3547 Doi
1061 3489 1151 3548 Filius
1166 3487 1317 3546 ambulare
1333 3486 1424 3542 coluit
1439 3486 1467 3541 in
1484 3481 1605 3557 templo,
1620 3482 1651 3539 in
1677 3497 1734 3554 quo

57 3575 142 3634 ballii
155 3581 261 3651 dieunt,
276 3606 291 3633 ιι
307 3583 471 3638 bonusest:
484 3605 496 3630 ι
509 3579 569 3638 alii.
585 3603 597 3628 ιι
616 3597 684 3646 non,
701 3579 752 3634 sed
763 3577 852 3634 sedu·
907 3598 974 3637 caro
990 3585 1019 3636 et
1044 3578 1164 3653 sanguis
1190 3579 1343 3634 brutorum
1359 3573 1531 3632 animalium
1548 3571 1735 3636 afferebatur,

57 3663 83 3717 cit
91 3669 185 3726 turbes.
198 3693 211 3720 ιι
228 3671 315 3727 Unde
327 3669 403 3726 hoc?
414 3669 483 3742 quia
497 3669 557 3724 vita
567 3673 667 3724 nostra
682 3666 853 3724 abscondita
908 3669 1000 3744 multo
1024 3669 1119 3742 magis
1139 3672 1245 3724 nostrae
1260 3663 1401 3722 orationis
1416 3663 1547 3729 domum,
1565 3658 1615 3714 ubi
1640 3657 1738 3714 carnis

58 3759 149 3812 tticum
160 3759 273 3816 Christo
300 3758 329 3814 in
345 3762 413 3814 Deo.
431 3757 489 3814 Hoc
503 3756 614 3831 patitur
628 3773 734 3828 corpus
746 3752 853 3810 Christi
907 3757 1040 3833 ipsiusac
1051 3755 1396 3832 sanguinissacramenta
1408 3750 1602 3814 celebramus,
1619 3743 1737 3803 visitare

59 3847 163 3914 usquein
178 3847 265 3906 srnem
289 3846 539 3904 saculiamundi
555 3845 746 3910 amatoribus,
775 3843 853 3916 quod
908 3847 1056 3920 gaudebit.
1068 3846 1096 3902 Si
1110 3843 1312 3918 perambulare
1324 3858 1380 3896 non
1392 3835 1523 3910 despexit
1534 3834 1691 3909 porticum,
1707 3833 1737 3888 in

59 3933 291 4006 tuncpassusesta
310 3936 479 3992 iudaeorum
493 3933 769 3991 murmuratoribus.
783 3933 854 3987 Nec·
909 3953 1032 4009 quorex
1056 3934 1204 4006 qnondam
1234 3929 1422 3986 mortalisne
1445 3931 1579 3982 terrenus
1603 3921 1738 3998 quamvis

59 4017 109 4076 lum
129 4023 302 4082 trumentum
320 4041 337 4080 a
352 4023 445 4097 paleis
474 4028 658 4097 segregatum
686 4026 730 4078 est
745 4021 852 4094 (lluttlr.
909 4022 1131 4096 potentissimus
1147 4021 1182 4076 ad
1207 4019 1351 4076 orandum
1377 4021 1454 4073 sture
1479 4013 1600 4080 solebat,
1627 4015 1737 4084 quanto

61 4109 96 4176 ¹¹0·
110 4115 136 4165 ut
148 4130 233 4186 grana
246 4114 387 4170 frumenti
398 4116 610 4186 congregentur
622 4109 652 4166 in
663 4110 812 4176 horreum,
826 4113 856 4164 et
910 4112 1004 4185 magis
1041 4109 1203 4184 penetralia
1233 4106 1365 4163 cordium
1394 4107 1562 4160 nostrorum
1601 4099 1735 4166 invisere,

61 4195 124 4265 lile&
137 4205 345 4260 comburantur
367 4201 434 4276 igne
454 4206 571 4258 aterno.
588 4199 668 4264 Quod
685 4198 856 4254 dictumest
909 4205 996 4273 atque
1022 4197 1168 4254 illustrare
1193 4194 1349 4261 desiderat,
1375 4191 1400 4248 si
1423 4194 1520 4246 tamen
1536 4205 1570 4246 ea
1591 4187 1735 4261 porticum

61 4299 108 4356 crgo
120 4290 284 4360 dellomino,
298 4291 421 4350 valetad
432 4289 670 4356 consolationem,
683 4288 717 4344 de
729 4303 856 4359 quocun·
910 4307 974 4346 esse
985 4285 1160 4351 Salomonis,
1181 4285 1234 4340 hoc
1249 4287 1303 4352 est,
1320 4281 1345 4336 si
1360 4297 1394 4336 ca
1408 4279 1543 4336 timorem
1560 4293 1658 4344 suum,
1684 4274 1735 4348 qui

61 4387 99 4442 que
110 4376 268 4438 bendictum
281 4380 371 4438 suerit
383 4379 559 4437 Christiano.
910 4382 955 4435 est
965 4401 975 4426 ι
986 4375 1104 4432 initirrm
1117 4371 1266 4446 sapientiae
1277 4371 1365 4438 (Paul.
1377 4367 1431 4440 cr),
1442 4389 1456 4417 ιι
1467 4367 1575 4422 habere
1586 4379 1736 4438 perspexe-

86 4466 183 4525 rNemo
197 4475 297 4547 tamen
314 4468 412 4544 palam
427 4468 602 4542 loquebatur
616 4467 651 4523 de
674 4465 724 4522 illo
739 4469 857 4537 proptor
911 4466 958 4521 rit.
979 4465 1077 4536 Neque
1100 4462 1177 4519 enim
1201 4459 1365 4533 putandum
1390 4459 1445 4524 est,
1470 4452 1540 4527 quin
1562 4453 1669 4509 domas
1690 4468 1736 4508 so·

64 4559 172 4614 «metum
185 4559 366 4616 ludaeorum.
383 4583 397 4610 ιι
424 4581 437 4608 ιι
454 4557 578 4621 Quidam
599 4555 743 4621 dicelmnt,
761 4555 856 4610 bonus
872 4574 895 4638 D
913 4554 1062 4609 lummodo
1079 4552 1126 4618 sit,
1144 4551 1172 4606 iu
1189 4566 1246 4622 qua
1261 4548 1296 4604 ad
1322 4546 1465 4603 orandum
1487 4542 1531 4598 vel
1547 4543 1583 4598 ad
1599 4541 1738 4613 mysteria

63 4647 103 4694 cst:
114 4643 154 4700 alii
164 4655 258 4704 autem
279 4647 425 4714 dicebant,
440 4664 508 4712 non,
523 4645 572 4701 sed
587 4645 699 4700 seducit
716 4645 826 4699 turbas.
840 4665 853 4692 ιι
911 4641 1084 4698 celebranda
1094 4639 1298 4696 convenimus:
1312 4633 1508 4705 multomagis
1519 4629 1662 4704 templum
1674 4631 1738 4702 ejus

64 4725 152 4790 hairus
162 4753 258 4794 corum
277 4735 430 4810 apparebit
440 4739 580 4806 tanquam
594 4733 743 4789 aridorum
757 4731 854 4786 lluvio-
908 4728 1092 4803 appellamur
1104 4734 1133 4784 ot
1149 4743 1263 4792 sumus,
1278 4741 1344 4780 curn
1358 4721 1510 4777 manifeste
1527 4719 1605 4776 dicat
1618 4721 1739 4791 Aposto-

65 4830 126 4874 mm:
142 4825 271 4881 .seducit
282 4825 394 4892 turbas,
413 4847 427 4874 ιι
443 4823 549 4878 clarius
560 4823 718 4878 sonabant:
731 4844 744 4872 ιι
759 4821 853 4875 bonus
906 4818 953 4874 lus
966 4835 972 4873 :
986 4817 1060 4873 «Vos
1075 4817 1146 4873 estis
1161 4817 1303 4886 templum
1319 4809 1446 4878 helvini,
1459 4807 1618 4865 sicutdirit
1633 4808 1710 4864 Deus
1728 4825 1735 4864 :

66 4909 103 4969 ιιι
116 4933 126 4958 ιι
141 4913 263 4983 pressius
288 4913 492 4970 susurrabant.
515 4911 599 4968 lllodo
616 4915 713 4966 autem
740 4910 853 4976 iratres,
911 4907 1083 4964 inhabitabo
1107 4906 1138 4961 in
1156 4904 1207 4971 ois,
1229 4907 1257 4958 et
1270 4902 1345 4957 inter
1359 4899 1424 4955 illos
1449 4896 1605 4954 ambulabo
1625 4895 1662 4966 (ll
1676 4897 1737 4954 Cor.

66 5001 168 5062 temris
181 5005 312 5060 nondum
323 5001 433 5059 venerit
443 4999 493 5057 illa
503 4999 595 5075 gloria
605 4999 711 5056 Christi
722 5016 786 5072 quae
804 5015 856 5054 nos
911 4995 958 5068 vr).
977 5017 990 5046 ιι
1008 4995 1142 5052 Ostendit
1156 5009 1222 5048 voro
1237 4986 1417 5062 aevangelista
1431 5003 1483 5042 cur
1497 4985 1620 5042 dixisset
1633 4984 1739 5042 hiemis

66 5085 159 5144 eternas
173 5091 282 5148 iactura
296 5095 350 5159 cst,
361 5091 448 5148 modo
459 5093 557 5146 tamen
567 5087 609 5144 ita
619 5088 722 5144 erescit
732 5087 857 5144 Ecclesia
911 5091 1052 5158 tempore,
1070 5083 1140 5138 dum
1157 5079 1270 5152 inquit:

66 5169 120 5240 elus,
130 5177 163 5233 ita
174 5181 248 5236 enim
259 5182 399 5254 dignatus
409 5185 453 5236 est
463 5196 514 5252 per
529 5182 633 5234 cuncta
644 5178 815 5242 diffundere,
828 5181 860 5232 ut
950 5199 962 5225 ιι
980 5171 1242 5228 Circumdederunt
1257 5183 1324 5223 eum
1339 5163 1440 5222 ludaei.
1454 5188 1468 5214 ιι
1478 5164 1741 5220 Circumdederunt

68 5259 131 5316 ctam
143 5274 314 5338 susurretur,
327 5269 440 5326 seducit
452 5269 568 5336 turbas,
583 5267 633 5322 sed
645 5265 751 5322 clarius
765 5282 860 5338 perso·
915 5262 1013 5334 itaquo
1029 5276 1095 5316 eum
1113 5255 1281 5313 tentationis
1296 5254 1398 5328 gralia,
1423 5271 1479 5310 non
1501 5252 1631 5310 veritatis
1648 5270 1741 5327 agno·

68 5351 205 5414 setianus
215 5365 267 5415 est.
277 5359 350 5416 Nam
363 5375 435 5413 nova
446 5357 565 5413 haeresis
576 5356 605 5412 in
621 5353 736 5427 angulis
752 5353 862 5410 occulte
916 5351 1029 5407 scandes
1039 5347 1200 5404 voluntate.
1213 5367 1227 5395 ιι
1237 5345 1271 5400 Ec
1283 5343 1418 5398 (licebant
1428 5359 1434 5397 :
1445 5345 1602 5414 Quousque
1612 5342 1742 5397 animam

70 5447 189 5500 stromat:
200 5447 332 5504 Christus
340 5451 384 5504 ost
391 5446 560 5519 adoptivus:
572 5444 621 5500 sed
635 5441 740 5498 clarius
752 5442 863 5497 univer·
918 5465 931 5491 ιι
945 5443 1073 5494 nostram
1082 5433 1217 5490 toltislbi
1226 5437 1258 5489 tu
1267 5449 1298 5489 es
1308 5431 1450 5499 Christus,
1463 5431 1509 5486 dic
1520 5430 1604 5488 nobis
1615 5429 1742 5504 palam.»

70 5522 229 5590 attenuere
248 5534 378 5594 Ecclesiae
393 5553 447 5592 vox
459 5539 591 5591 resonat:
609 5533 742 5587 Christus
758 5535 801 5586 cst
816 5531 863 5586 Fi·
918 5531 1062 5585 llmcrero
1079 5541 1135 5580 non
1159 5521 1387 5579 volunlatessdci
1410 5519 1595 5593 inquirendo,
1623 5519 1673 5576 sed
1700 5516 1742 5572 illi

71 5599 113 5668 lus
127 5621 177 5676 oei.
193 5623 337 5698 Propitius
350 5624 472 5684 sibilaut
487 5639 604 5701 quoque
622 5622 788 5696 serpentino
804 5637 863 5688 ore,
920 5634 1006 5690 quem
1023 5612 1241 5686 interrogabant
1261 5609 1436 5682 insidiando,
1452 5613 1481 5666 et
1501 5607 1679 5666 calumniam
1695 5606 1742 5661 in·
