4034 6180
157 307 240 383 {02³
647 311 859 380 inscribit
881 313 1187 379 flauubttdadsts
1209 310 1387 377 summm
1792 309 1866 372 {dil

156 447 250 511 ,domo
262 445 466 523 peniteretiam
477 463 618 511 astacum
633 445 933 524 omuibusqneiatus
943 465 985 508 re
998 451 1027 526 A
1040 448 1231 526 liquefactum
1256 447 1415 516 deduerst;
1436 445 1501 521 ipse
1514 461 1583 505 cum
1599 448 1677 506 emet
1701 449 1868 520 argerimus,

155 538 281 601 condita
292 531 584 610 lumentp'anitusest
595 540 836 613 consumptascd
850 539 987 600 baculum
1039 539 1162 602 omnino
1173 539 1287 612 integer
1300 543 1346 596 cst
1360 540 1504 610 reperitis.
1518 536 1555 596 at
1569 552 1636 594 vere
1645 535 1784 602 miranda
1798 534 1870 596 ineo

161 627 263 702 ipsum
277 627 308 684 in
324 625 405 684 nullo
417 627 548 687 funditus
565 627 641 702 ignis
656 627 800 702 attingere
814 628 929 702 potuit:
944 645 989 688 ve
1042 627 1160 686 Domini
1181 631 1310 702 potestas
1331 625 1479 701 appamit,
1495 629 1528 682 ut
1550 625 1601 698 qni
1615 641 1684 682 vem
1700 623 1769 698 igue
1780 624 1870 682 divini

164 734 230 776 num
247 716 277 774 in
293 714 389 772 medic
405 714 482 789 ignis
497 716 539 772 ita
551 723 598 772 cst
621 720 754 790 repertus
769 716 937 785 incolumis,
957 722 990 776 ut
1041 716 1152 776 amoris
1163 717 1261 774 vivens
1271 732 1413 774 accensus
1425 716 1529 782 luerat,
1540 715 1570 770 in
1581 715 1645 787 ejus
1655 713 1798 786 reliquias
1808 719 1872 788 post

164 821 217 862 nec
230 804 349 878 signnm
365 805 484 877 quidem
495 805 609 864 ardoris
621 807 650 862 in
660 823 694 864 ec
705 805 799 864 ullum
809 807 987 880 apparuerit.
1043 810 1169 867 mortem
1183 804 1277 879 ipsius
1290 810 1423 864 terrenus
1438 803 1517 878 ignia
1532 820 1590 862 non
1602 803 1718 862 valeret.
1731 803 1873 862 Grealura

165 893 247 952 Unde
259 893 528 968 deusomnipotens
543 895 572 951 in
587 896 698 954 sanctis
713 895 775 954 suis
788 911 853 954 vere
866 901 911 954 est
926 894 989 954 lau·
1042 893 1122 954 enim
1134 895 1278 954 (nestoris
1293 891 1744 966 subjeotcimperic,etia1nvim
1760 896 1873 950 natura

157 982 291 1048 dandus,
308 982 358 1055 qui
374 981 403 1038 iu
421 983 552 1044 minimis
567 985 654 1043 ctiam
667 985 755 1045 rebus
766 985 904 1042 meritum
915 984 991 1058 ipso·
1044 983 1148 1057 perdit,
1164 985 1358 1056 cumjussum
1369 981 1550 1044 dominantis
1560 982 1700 1040 attendit:
1712 998 1768 1040 nec
1779 984 1875 1054 potest

165 1087 232 1128 rum
247 1070 309 1128 suis
322 1071 452 1132 declarat
466 1071 613 1130 fidelibus.
624 1073 710 1130 Aliud
726 1089 843 1148 qaroque
858 1073 989 1148 contigit,
1044 1070 1873 1147 aliquiddetrimentiquamvisnaturadictantcpsrticere‚

166 1160 244 1232 quod
259 1160 475 1233 aquabantum
498 1161 593 1218 virum
620 1163 718 1236 magni
742 1180 841 1222 ceram
868 1163 990 1222 Domino
1043 1163 1172 1222 cumvis
1187 1159 1739 1236 uniuscujusque-naturaeintbeatoris
1749 1160 1877 1232 pendeat

166 1246 258 1306 inisse
276 1247 372 1306 meriti
395 1255 608 1323 praemonstrat.
633 1251 757 1310 calicem
781 1252 890 1326 quippe
915 1253 989 1324 eina,
1036 1248 1877 1326 ‚omnipotentissimamiuntalesMansitauteminepiscc·

166 1349 233 1394 cnm
247 1353 306 1408 qno
315 1337 492 1394 sacrificium
502 1339 625 1397 Domino
634 1340 764 1414 quotidie
774 1340 990 1416 [admouimus]
1045 1345 1116 1416 patu
1130 1342 1234 1400 beatus
1243 1338 1672 1400 willebadusslectusllcmini
1686 1336 1820 1411 pontifex
1829 1353 1878 1398 an·

166 1425 269 1485 cllerrs
283 1424 405 1492 sciebat,
423 1427 451 1482 in
472 1429 600 1500 quodam
615 1429 679 1486 loco
695 1430 877 1490 reconditum
901 1429 993 1488 disci-
1046 1430 1092 1488 nis
1105 1431 1230 1498 duobus,
1247 1429 1399 1488 mensibus
1414 1430 1520 1497 tribus,
1529 1427 1637 1486 diebos
1650 1427 1690 1501 (cl
1698 1427 1804 1502 viginti
1815 1441 1875 1493 sen,

84 1559 87 1564 .
167 1512 305 1586 pulcrum
320 1516 384 1587 ejus
407 1516 552 1576 fidissima
575 1519 766 1578 conservabat
789 1519 912 1578 affectio.
938 1518 992 1576 Ubi
1046 1523 1205 1594 etperactc
1225 1519 1293 1576 boni
1307 1516 1717 1578 certaminis-cumulcliciter
1736 1515 1879 1591 migravit

167 1602 258 1662 edam
269 1619 336 1667 cum
351 1603 483 1678 ingestus
498 1606 574 1681 ignis
589 1611 695 1666 cuncta
708 1613 903 1676 consumeret,
922 1625 955 1666 ac
967 1607 993 1666 si
1046 1611 1082 1668 ad
1093 1609 1265 1668 Dominum:
1281 1609 1329 1668 oui
1342 1611 1390 1666 est
1402 1608 1496 1666 bonor
1508 1611 1537 1665 at
1550 1605 1645 1680 gloria
1657 1610 1689 1662 et
1702 1609 1878 1680 potestas-et

168 1691 241 1765 quid
256 1692 328 1752 torte
353 1694 462 1752 metalli
480 1695 572 1754 ltrcrat
588 1714 674 1772 opem
689 1697 874 1769 fabricatum,
898 1697 993 1758 nalem
1047 1698 1203 1773 imperium
1219 1711 1272 1772 per
1284 1697 1401 1754 inlicita
1413 1695 1521 1756 secula
1535 1694 1719 1754 semlerum
1731 1696 1840 1756 amen.

205 1853 241 1927 (c)
256 1854 397 1940 llumdem
412 1855 556 1941 calculum
582 1857 696 1942 prefert
710 1859 851 1926 adamus,
868 1858 992 1941 bocnad-
1007 1825 1032 1894 B
1047 1858 1189 1988 {uiaque
1214 1857 1292 1916 Obiit
1305 1861 1403 1916 autem
1426 1872 1517 1915 senex
1536 1859 1569 1914 et
1592 1854 1695 1930 plenus
1708 1853 1827 1912 dierum
1842 1852 1877 1918 in

169 1923 230 1981 dito
240 1941 252 1980 τ.
264 1946 278 1976 n
293 1925 521 2001 Pradrcavrtquo
536 1933 596 1984 tam
613 1929 708 1986 Fresrs
723 1946 812 2002 quam
829 1929 992 1988 Senonibus

169 2000 236 2068 post
250 1997 424 2070 martyrium
439 1997 469 2054 S.
486 1997 625 2057 bonifacii
643 2017 747 2058 omnes
767 2017 859 2058 annos
873 2001 994 2078 triginta
1039 2083 1044 2098 Ι

1072 1930 1157 2001 resia,
1174 1929 1204 1986 in
1220 1928 1289 1986 villa
1301 1927 1446 1998 Plecazze,
1462 1928 1600 2002 quesita
1613 1930 1657 1984 est
1670 1923 1703 1986 iu
1714 1923 1846 1983 bustris.
1862 1948 1878 1977 s

169 2181 648 2204 'Nm

535 2361 542 2376 ·
589 2325 796 2414 rucirrr
823 2327 895 2413 nn
925 2272 1226 2415 uinicunrs
1255 2325 1453 2414 usius

918 2531 1117 2550 ιιι-ιι*

366 2681 554 2742 PRAEFATIO
573 2684 602 2742 S.
618 2685 798 2743 anselmi.
1039 2685 1159 2759 -ubiqns
1173 2699 1302 2759 presens
1314 2687 1369 2752 est,
1385 2681 1878 2757 potentissimalestatetbeatcris

207 2772 289 2829 Dono
304 2771 512 2846 omnipotentis
524 2773 584 2844 Dei,
599 2775 650 2848 qui
665 2777 792 2850 gratuita
802 2777 920 2851 pietatis
935 2795 995 2834 sne
1050 2771 1562 2848 meritumipsorumremunerantis,
1574 2772 1604 2829 in
1615 2770 1696 2828 omni
1707 2769 1772 2827 loco
1786 2768 1877 2828 demi·

166 2859 414 2938 ,praeordinatione
424 2879 557 2936 quosque
572 2864 601 2920 in
615 2865 744 2924 Ecclesia
752 2869 855 2924 saneta
862 2871 996 2942 pastores
1051 2863 1178 2920 nationis
1200 2863 1266 2935 ejus
1280 2861 1417 2920 fidelibus
1432 2860 1585 2934 managai
1605 2859 1780 2918 creduntur·
1796 2859 1877 2924 Quod

173 2948 327 3014 constituit
339 2966 374 3007 ac
387 2951 529 3020 doctores,
543 2954 705 3014 lassamus
718 2956 884 3016 cremensis
899 2955 995 3014 llccla·
1050 2951 1222 3025 multisjam
1231 2950 1564 3024 etevidentibussepius
1573 2949 1752 3023 patefactum
1763 2951 1880 3008 consui

173 3039 223 3102 sic
237 3038 355 3115 presul,
367 3039 511 3098 universis
524 3058 576 3116 per
590 3043 690 3102 orbem
705 3045 841 3102 concordi
857 3045 997 3104 fraterni·
1040 3039 1207 3100 'remediisz
1230 3041 1300 3115 quia
1314 3039 1444 3114 plurimi,
1465 3039 1528 3097 siva
1541 3037 1619 3096 inter
1632 3039 1826 3112 tempestates
1846 3049 1879 3094 ac

162 3132 232 3204 ,tate
247 3129 364 3203 degenti
378 3128 511 3188 fidelium
522 3131 664 3204 societati,
681 3150 781 3208 pacem
796 3138 825 3191 et
838 3134 995 3192 beatitudi·
1051 3127 1567 3206 procellasiluctuum,seninteralie
1577 3143 1694 3202 quoque
1704 3125 1880 3184 discrimine

160 3233 242 3290 ¹uem
256 3217 286 3276 in
303 3217 417 3278 Christo
430 3223 495 3280 crat
508 3221 728 3295 sempiternam.
1010 3197 1032 3265 fl
1050 3219 1150 3294 positi,
1166 3219 1203 3276 ad
1217 3217 1430 3276 invocationem
1445 3214 1604 3292 cujuslibet
1616 3214 1712 3274 sancti
1734 3214 1836 3272 subito
1850 3229 1881 3271 sc

209 3307 322 3368 laudea
332 3305 385 3366 Dei
399 3325 473 3382 quaa
483 3313 655 3368 sanctorum
664 3311 728 3386 ejus
739 3316 805 3370 acta
815 3312 950 3371 miranda
960 3315 1000 3372 to·
1052 3307 1193 3364 divinitus
1208 3310 1365 3366 senscrunt
1379 3306 1505 3381 adjutos.
1522 3303 1604 3363 Unde
1617 3303 1647 3360 si
1663 3319 1723 3378 qua
1735 3301 1881 3364 Dominus

162 3399 301 3470 ⁴ittuntur,
313 3412 371 3452 non
382 3396 487 3455 debere
498 3397 613 3457 silentio
622 3400 771 3474 preteriri,
782 3399 999 3475 multoticsjam
1052 3415 1104 3472 per
1118 3401 1320 3456 sanctossucs
1344 3395 1479 3454 miranda
1496 3393 1639 3470 dignatus
1650 3391 1739 3450 inerit
1753 3389 1881 3466 operari,

174 3484 319 3558 exemplis
332 3485 451 3545 Petrum
473 3487 673 3548 addiscimus:
689 3491 740 3564 qui
755 3492 884 3565 plurima
897 3508 999 3550 eorum
1047 3487 1117 3560 jure
1129 3486 1168 3542 ad
1181 3484 1316 3542 notitiam
1331 3483 1525 3558 plurimorum
1543 3483 1647 3556 [sopplc
1671 3477 1881 3552 deducunturJ,

176 3573 371 3648 quatiamini
386 3575 478 3650 pietas
500 3593 552 3650 per
565 3595 665 3638 servos
676 3597 745 3636 suos
761 3579 792 3636 in
807 3580 862 3638 hcc
872 3579 1001 3637 exercuit
1054 3577 1087 3632 ut
1101 3573 1225 3648 posteris
1237 3573 1267 3630 in
1278 3569 1710 3645 memoriamanaalspci,quod
1721 3568 1835 3642 priores
1844 3565 1881 3621 ob

176 3661 464 3734 mediomatricam
479 3665 584 3724 litteris
598 3669 847 3737 commendavere,
864 3685 927 3742 qum
942 3685 1000 3724 non
1053 3664 1180 3740 gratiam
1192 3665 1384 3737 perceperunt
1397 3659 1475 3718 fidei.
1494 3661 1678 3734 Quapropter
1692 3659 1794 3716 nostra
1809 3671 1883 3727 quo·

177 3750 276 3811 solnm
289 3750 447 3811 viventium
463 3752 631 3826 religiosam
646 3757 1000 3828 portenderentsanctita-
1055 3769 1111 3827 que
1121 3749 1314 3810 humilitasea
1323 3749 1423 3826 quain
1432 3749 1537 3806 diebus
1545 3747 1654 3806 nostris
1662 3743 1882 3820 perpotentiam

160 3843 248 3910 lem,
264 3855 364 3896 verum
375 3841 597 3913 etiamperenni
608 3843 744 3902 vitacum
755 3845 871 3904 Christo
882 3863 1003 3920 regnan·
1055 3840 1159 3898 divina
1174 3838 1352 3914 operationis
1362 3839 1402 3894 ad
1411 3836 1594 3896 ostendenda
1603 3835 1711 3893 merita
1724 3831 1805 3891 boati
1815 3849 1883 3907 pon·

161 3923 254 4000 ¹tium
268 3925 463 3986 immortalem
477 3935 738 4003 premonstrarent
747 3934 881 4008 gloriam.
894 3936 1003 3994 Revera
1056 3929 1144 3988 tificis
1155 3933 1184 3987 et
1194 3927 1370 3985 confessoris
1380 3923 1538 3984 Willehadi
1548 3925 1693 4000 patefacta
1701 3921 1883 3984 claruerunt.

179 4015 258 4075 enim
274 4015 326 4092 qui
343 4017 412 4076 hinc
426 4018 572 4088 translati,
587 4021 683 4084 adbuc
699 4027 798 4082 tamen
810 4024 960 4084 miraculis
974 4029 1004 4083 et
1055 4016 1162 4075 litteris
1183 4017 1321 4094 indagare
1336 4015 1469 4074 censuit:
1486 4019 1519 4074 ut
1542 4031 1605 4089 qna
1621 4014 1651 4070 in
1665 4010 1804 4084 antiquis
1816 4008 1885 4066 clim

179 4105 362 4167 diversarum
370 4123 425 4184 cpe
435 4107 576 4172 virtutum
587 4110 634 4167 bic
642 4112 759 4186 papulis
768 4115 871 4172 adesse
882 4131 1003 4172 oemun-
1057 4107 1268 4179 veneratajure
1276 4103 1501 4180 paedicavimus
1510 4102 1723 4174 sanctis,.nunc
1735 4101 1766 4156 in
1778 4103 1886 4172 tempc

180 4199 239 4262 tur,
256 4210 395 4270 magnam
409 4196 494 4253 nobis
509 4213 568 4256 sua
582 4197 804 4271 glorificationis
831 4200 1003 4278 dignitatem
1058 4197 1140 4255 ribus
1154 4196 1262 4254 nostris
1277 4195 1313 4252 ab
1329 4211 1362 4250 cc
1373 4193 1423 4268 qui
1439 4193 1530 4268 hujus
1540 4195 1657 4260 nostra,
1668 4183 1888 4246 Bremensisri·

180 4284 349 4351 ostendant,
365 4288 394 4342 et
407 4285 510 4358 quanti
526 4287 604 4361 apud
620 4289 712 4346 Deum
727 4289 788 4346 sint
807 4290 915 4358 meriti,
940 4289 1005 4347 lnce
1042 4284 1318 4354 *delicetllcclcsim
1334 4282 1448 4358 primm
1458 4281 1568 4340 exstitit
1582 4277 1723 4364 pontifex,
1737 4277 1887 4344 innovata,

162 4371 289 4444 ‚alarius
304 4371 436 4431 fidelium
457 4376 635 4448 patefaciunt
649 4377 797 4436 cordibus.
814 4378 869 4436 Sed
887 4383 915 4434 et
940 4394 1005 4438 ma·
1059 4379 1119 4432 toto
1129 4373 1226 4432 cordis
1235 4373 1397 4448 gaudentes
1408 4369 1512 4434 adnisu
1523 4367 1723 4444 suscipiamus
1734 4365 1843 4440 pariter
1853 4377 1888 4418 ac

164 4478 274 4538 sgnum
301 4461 449 4520 catholica
464 4462 494 4520 in
509 4463 564 4522 hcc
579 4465 647 4522 fidei
662 4467 827 4524 declaratur
852 4467 1006 4538 indicium,
1060 4463 1263 4525 collaudemus
1287 4460 1438 4521 miracula.
1454 4457 1517 4518 Non
1533 4457 1611 4516 enim
1635 4457 1796 4514 immemor
1810 4451 1890 4510 ilaus

182 4551 254 4610 dum
269 4551 348 4624 quod
363 4550 547 4610 invisibiliter
560 4553 658 4612 divina
671 4556 784 4632 peragit
793 4556 1008 4628 sublimitas,ac
1022 4575 1048 4641 n
1060 4553 1157 4613 adhue
1172 4549 1272 4626 populi
1288 4547 1334 4608 sui
1349 4548 1479 4612 deseruit
1489 4563 1563 4624 quos
1578 4543 1718 4604 redemit:
1730 4557 1837 4610 verum
1850 4539 1894 4596 in·

182 4640 207 4700 si
229 4638 323 4698 oculis
349 4640 521 4714 conspiciat,
542 4642 742 4702 indubitanter
756 4645 870 4704 coelitus
896 4646 1006 4706 lactum
1061 4647 1105 4702 ter
1119 4641 1470 4717 innumerapaganorum
1485 4633 1688 4694 infestantium
1704 4629 1891 4696 discrimina,

182 4728 348 4786 Christiana
358 4745 416 4786 non
427 4730 925 4803 diillditcredulitas;etsanotorum
935 4737 1007 4792 Acta
1060 4730 1141 4790 omni
1153 4747 1226 4804 pene
1241 4725 1344 4786 solatio
1360 4725 1508 4785 destitutis
1517 4726 1593 4781 hauc
1603 4735 1738 4797 superna
1748 4717 1893 4776 visitatio·
2014 4715 2015 4764 l

183 4818 512 4894 deprecatoresque
527 4821 556 4880 in
569 4822 705 4886 cisfiunt
719 4823 1008 4896 locisubisncratis·
1054 4820 1107 4880 aia
1120 4819 1213 4878 voluit
1235 4817 1405 4892 impendere
1427 4815 1567 4890 gratiam,
1581 4812 1665 4875 utdc
1678 4809 1783 4871 divim
1797 4807 1892 4870 multo

110 4955 113 4972 ,
181 4909 379 4966 simaecrum
389 4910 512 4966 condita
527 4915 557 4967 et
569 4909 717 4968 habentur
727 4918 758 4970 ct
770 4918 947 4971 venerantur
961 4929 1006 4972 re-
1061 4909 1170 4967 certius
1180 4909 1390 4987 presumerent
1400 4903 1565 4972 clementia,
1578 4901 1630 4976 qui
1640 4901 1894 4968 laceratamque

183 4992 290 5067 bonta.
307 4997 378 5064 Onia
393 4997 462 5056 licet
476 4997 557 5058 solus
571 5001 758 5076 omnipotens
768 5003 807 5060 sit
819 5000 896 5062 Deus
907 5003 1006 5073 lsrael,
1061 4999 1124 5058 noo
1135 5001 1287 5074 acceptum
1301 4999 1470 5072 patronum,
1482 4994 1513 5049 in
1527 4982 1632 5072 spirita
1641 4982 1895 5046 salutatio-sor-

188 5081 300 5152 quidet
314 5085 453 5147 virtutem
468 5091 496 5146 et
509 5088 713 5150 tortitudinem
731 5090 807 5166 plebi
822 5109 893 5164 sua,
909 5095 1008 5150 amen
1063 5105 1143 5164 pore,
1159 5103 1271 5148 secum.
1284 5099 1404 5146 manare
1427 5081 1653 5160 cognovissent:
1676 5087 1731 5146 nec
1753 5069 1897 5134 timerent
2014 5099 2015 5152 j

187 5167 331 5230 mirabilis
342 5176 406 5250 ipsa
419 5177 449 5236 in
466 5179 575 5238 sanctis
590 5179 653 5238 suis
663 5180 837 5253 predicatur
850 5185 879 5240 ct
892 5181 1009 5250 colitur,
1063 5179 1133 5238 licet
1154 5179 1299 5240 vastatam
1324 5175 1432 5235 denuo,
1445 5163 1611 5248 inhabitare
1634 5166 1774 5242 patrimo
1789 5163 1825 5228 in
1833 5178 1898 5240 ΨΒ

187 5270 313 5328 quornm
327 5265 462 5334 precibus
477 5267 510 5322 iit
524 5283 558 5324 ao
573 5265 732 5338 meritis,ut
742 5269 875 5343 prodigia
884 5274 914 5326 et
925 5270 1011 5344 signa
1064 5269 1121 5326 sibi
1134 5268 1238 5325 adesse
1246 5261 1427 5324 sanctissimi
1438 5262 1534 5322 Patris
1543 5253 1897 5318 nondffidsrancmariu

188 5343 328 5414 maiestas
341 5357 476 5421 operetur
490 5355 599 5413 divina.
621 5355 678 5415 Nec
701 5361 800 5416 tamen
826 5357 1010 5416 solummodo
1065 5361 1126 5414 truc
1139 5356 1198 5413 lati
1222 5355 1354 5412 desertas
1376 5353 1540 5428 repeterent
1552 5348 1648 5418 maest
1663 5353 1744 5434 qaas
1752 5342 1832 5399 licat
1843 5341 1898 5396 bc·

189 5431 229 5490 ibi
245 5433 337 5489 sancti
356 5440 494 5506 prodesse
517 5449 677 5504 cernuntur
700 5445 750 5502 ubi
766 5447 965 5520 temporaliter
980 5447 1011 5505 in
1066 5445 1142 5506 stilis
1157 5443 1286 5504 incursio
1301 5441 1401 5504 iecerit
1414 5425 1898 5511 amalcamcntscxabercntesdt·

190 5518 336 5582 vissefibffl
347 5523 408 5580 8⁰5⁵
419 5542 451 5584 αθ
464 5528 594 5602 reliquia
610 5540 767 5608 presentes
782 5536 843 5593 lora
857 5537 1010 5596 videntur:
1066 5537 1134 5594 vina
1148 5551 1252 5594 rursus
1271 5523 1501 5594 mcondliavcrtt
1516 5524 1705 5602 benigniias:
1720 5537 1775 5578 ¹1⁸⁰
1790 5517 1900 5592 (Μ’-ΒΨ

188 5625 289 5674 verum
313 5610 619 5690 ubicunquetidelitsr
637 5621 771 5697 invocati,
797 5641 849 5700 per
872 5641 939 5684 eum
962 5627 1011 5700 qui
1064 5605 1900 5700 raataibtpccstrtasanatitnomnibmadivlsmteviut
