<?xml version="1.0" encoding="UTF-8"?>
<!DOCTYPE html PUBLIC "-//W3C//DTD XHTML 1.0 Transitional//EN"
    "http://www.w3.org/TR/xhtml1/DTD/xhtml1-transitional.dtd">
<html xmlns="http://www.w3.org/1999/xhtml" xml:lang="en" lang="en">
 <head>
  <title>
</title>
<meta http-equiv="Content-Type" content="text/html;charset=utf-8" />
  <meta name='ocr-system' content='tesseract 3.04.00' />
  <meta name='ocr-capabilities' content='ocr_page ocr_carea ocr_par ocr_line ocrx_word'/>
</head>
<body>
  <div class='ocr_page' id='page_1' title='image "./patrologiaecurs109unkngoog_0198.png"; bbox 0 0 3872 6168; ppageno 0'>
   <div class='ocr_carea' id='block_1_1' title="bbox 72 369 1124 441">
    <p class='ocr_par' dir='ltr' id='par_1_1' title="bbox 72 369 1124 441">
     <span class='ocr_line' id='line_1_1' title="bbox 72 369 1124 441; baseline -0.01 -2"><span class='ocrx_word' id='word_1_1' title='bbox 72 382 119 441; x_wconf 80' lang='lat'><strong>385</strong></span> <span class='ocrx_word' id='word_1_2' title='bbox 656 371 832 432; x_wconf 79' lang='lat' dir='ltr'><strong>ttottlttAE</strong></span> <span class='ocrx_word' id='word_1_3' title='bbox 853 371 903 430; x_wconf 77' lang='lat' dir='ltr'><strong>Dll</strong></span> <span class='ocrx_word' id='word_1_4' title='bbox 926 369 1124 431; x_wconf 67' lang='lat' dir='ltr'><strong>t&#39;tztttt‘otttt.</strong></span> 
     </span>
    </p>
   </div>
   <div class='ocr_carea' id='block_1_2' title="bbox 66 502 1760 754">
    <p class='ocr_par' dir='ltr' id='par_1_2' title="bbox 66 502 1760 754">
     <span class='ocr_line' id='line_1_2' title="bbox 70 502 1760 596; baseline 0.008 -27"><span class='ocrx_word' id='word_1_5' title='bbox 70 509 271 580; x_wconf 83' lang='lat' dir='ltr'><strong>transcriptum</strong></span> <span class='ocrx_word' id='word_1_6' title='bbox 282 509 340 562; x_wconf 89' lang='lat' dir='ltr'><strong>est:</strong></span> <span class='ocrx_word' id='word_1_7' title='bbox 355 503 554 562; x_wconf 83' lang='lat' dir='ltr'><strong>Anuaadouai</strong></span> <span class='ocrx_word' id='word_1_8' title='bbox 568 504 679 572; x_wconf 89' lang='lat' dir='ltr'><strong>osiana,</strong></span> <span class='ocrx_word' id='word_1_9' title='bbox 690 504 767 576; x_wconf 91' lang='lat' dir='ltr'><strong>quod</strong></span> <span class='ocrx_word' id='word_1_10' title='bbox 779 503 867 560; x_wconf 89' lang='lat' dir='ltr'><strong>inter·</strong></span> <span class='ocrx_word' id='word_1_11' title='bbox 881 514 909 582; x_wconf 64' lang='grc' dir='ltr'><strong>Α</strong></span> <span class='ocrx_word' id='word_1_12' title='bbox 925 505 1004 557; x_wconf 90' lang='lat' dir='ltr'><strong>ctum</strong></span> <span class='ocrx_word' id='word_1_13' title='bbox 1020 504 1074 568; x_wconf 91' lang='lat' dir='ltr'><strong>est,</strong></span> <span class='ocrx_word' id='word_1_14' title='bbox 1095 525 1109 552; x_wconf 76' lang='lat' dir='ltr'><strong>a</strong></span> <span class='ocrx_word' id='word_1_15' title='bbox 1125 502 1189 558; x_wconf 91' lang='lat' dir='ltr'><strong>Noli</strong></span> <span class='ocrx_word' id='word_1_16' title='bbox 1204 503 1321 562; x_wconf 89' lang='lat' dir='ltr'><strong>timere:</strong></span> <span class='ocrx_word' id='word_1_17' title='bbox 1339 527 1352 556; x_wconf 79' lang='lat' dir='ltr'><strong>a</strong></span> <span class='ocrx_word' id='word_1_18' title='bbox 1374 507 1458 568; x_wconf 91' lang='lat' dir='ltr'><strong>illum</strong></span> <span class='ocrx_word' id='word_1_19' title='bbox 1473 527 1608 588; x_wconf 86' lang='lat' dir='ltr'><strong>agnosco,</strong></span> <span class='ocrx_word' id='word_1_20' title='bbox 1624 526 1689 596; x_wconf 84' lang='lat' dir='ltr'><strong>quir</strong></span> <span class='ocrx_word' id='word_1_21' title='bbox 1709 573 1712 582; x_wconf 82' lang='grc'><strong><em>,</em></strong></span> <span class='ocrx_word' id='word_1_22' title='bbox 1746 553 1760 590; x_wconf 65' lang='lat' dir='ltr'><strong>a</strong></span> 
     </span>
     <span class='ocr_line' id='line_1_3' title="bbox 69 591 1750 686; baseline 0.003 -28"><span class='ocrx_word' id='word_1_23' title='bbox 69 618 124 675; x_wconf 89' lang='lat' dir='ltr'><strong>pres</strong></span> <span class='ocrx_word' id='word_1_24' title='bbox 135 603 225 655; x_wconf 88' lang='lat' dir='ltr'><strong>uester</strong></span> <span class='ocrx_word' id='word_1_25' title='bbox 237 595 437 669; x_wconf 73' lang='lat' dir='ltr'>Hieronymus,</span> <span class='ocrx_word' id='word_1_26' title='bbox 460 593 630 668; x_wconf 87' lang='lat' dir='ltr'><strong>diligentius</strong></span> <span class='ocrx_word' id='word_1_27' title='bbox 652 594 813 663; x_wconf 86' lang='lat' dir='ltr'><strong>elucidans,</strong></span> <span class='ocrx_word' id='word_1_28' title='bbox 826 593 869 649; x_wconf 89' lang='lat' dir='ltr'><strong>ita</strong></span> <span class='ocrx_word' id='word_1_29' title='bbox 922 591 1069 659; x_wconf 90' lang='lat' dir='ltr'><strong>laudatur,</strong></span> <span class='ocrx_word' id='word_1_30' title='bbox 1091 596 1119 646; x_wconf 91' lang='lat' dir='ltr'><strong>et</strong></span> <span class='ocrx_word' id='word_1_31' title='bbox 1135 592 1194 648; x_wconf 90' lang='lat' dir='ltr'><strong>noli</strong></span> <span class='ocrx_word' id='word_1_32' title='bbox 1210 594 1356 668; x_wconf 89' lang='lat' dir='ltr'><strong>trepidare</strong></span> <span class='ocrx_word' id='word_1_33' title='bbox 1379 614 1446 656; x_wconf 87' lang='lat' dir='ltr'><strong>eum</strong></span> <span class='ocrx_word' id='word_1_34' title='bbox 1463 602 1602 678; x_wconf 91' lang='lat' dir='ltr'><strong>loquitur,</strong></span> <span class='ocrx_word' id='word_1_35' title='bbox 1619 615 1689 686; x_wconf 68' lang='lat' dir='ltr'><strong>quia</strong></span> <span class='ocrx_word' id='word_1_36' title='bbox 1702 618 1750 678; x_wconf 71' lang='lat'><strong>{110</strong></span> 
     </span>
     <span class='ocr_line' id='line_1_4' title="bbox 66 684 867 754; baseline -0.009 -7"><span class='ocrx_word' id='word_1_37' title='bbox 66 687 208 747; x_wconf 78' lang='lat' dir='ltr'><strong>transtulit:</strong></span> <span class='ocrx_word' id='word_1_38' title='bbox 222 685 375 754; x_wconf 76' lang='lat' dir='ltr'><strong>«Obsecro,</strong></span> <span class='ocrx_word' id='word_1_39' title='bbox 386 685 518 754; x_wconf 86' lang='lat' dir='ltr'><strong>Domine,</strong></span> <span class='ocrx_word' id='word_1_40' title='bbox 528 685 619 753; x_wconf 90' lang='lat' dir='ltr'><strong>salva,</strong></span> <span class='ocrx_word' id='word_1_41' title='bbox 628 685 757 741; x_wconf 88' lang='lat' dir='ltr'><strong>obsecro.</strong></span> <span class='ocrx_word' id='word_1_42' title='bbox 768 684 867 740; x_wconf 71' lang='lat' dir='ltr'><strong>aldem</strong></span> 
     </span>
    </p>
   </div>
   <div class='ocr_carea' id='block_1_3' title="bbox 57 771 868 1830">
    <p class='ocr_par' dir='ltr' id='par_1_3' title="bbox 57 771 868 1830">
     <span class='ocr_line' id='line_1_5' title="bbox 64 771 866 851; baseline -0.009 -15"><span class='ocrx_word' id='word_1_43' title='bbox 64 795 173 851; x_wconf 86' lang='lat' dir='ltr'><strong>namque</strong></span> <span class='ocrx_word' id='word_1_44' title='bbox 188 775 329 850; x_wconf 86' lang='lat' dir='ltr'><strong>signifieat</strong></span> <span class='ocrx_word' id='word_1_45' title='bbox 344 791 359 832; x_wconf 91' lang='lat' dir='ltr'><strong>o</strong></span> <span class='ocrx_word' id='word_1_46' title='bbox 375 791 426 849; x_wconf 91' lang='lat' dir='ltr'><strong>per</strong></span> <span class='ocrx_word' id='word_1_47' title='bbox 436 771 866 848; x_wconf 88' lang='lat' dir='ltr'><strong>interjectionemobsecrantis,</strong></span> 
     </span>
     <span class='ocr_line' id='line_1_6' title="bbox 64 862 868 942; baseline -0.007 -18"><span class='ocrx_word' id='word_1_48' title='bbox 64 869 127 942; x_wconf 78' lang='lat' dir='ltr'><strong>quod</strong></span> <span class='ocrx_word' id='word_1_49' title='bbox 141 867 249 934; x_wconf 70' lang='lat' dir='ltr'><strong>oisemo,</strong></span> <span class='ocrx_word' id='word_1_50' title='bbox 264 867 387 934; x_wconf 78' lang='lat' dir='ltr'><strong>Dotatae,</strong></span> <span class='ocrx_word' id='word_1_51' title='bbox 404 864 568 937; x_wconf 91' lang='lat' dir='ltr'><strong>peripsum</strong></span> <span class='ocrx_word' id='word_1_52' title='bbox 588 863 710 921; x_wconf 82' lang='lat' dir='ltr'><strong>verbum</strong></span> <span class='ocrx_word' id='word_1_53' title='bbox 733 862 868 919; x_wconf 89' lang='lat' dir='ltr'><strong>obsecra-</strong></span> 
     </span>
     <span class='ocr_line' id='line_1_7' title="bbox 62 952 867 1028; baseline -0.01 -13"><span class='ocrx_word' id='word_1_54' title='bbox 62 958 144 1015; x_wconf 83' lang='lat' dir='ltr'><strong>tionis.</strong></span> <span class='ocrx_word' id='word_1_55' title='bbox 168 955 280 1012; x_wconf 78' lang='lat' dir='ltr'><strong>Osanna</strong></span> <span class='ocrx_word' id='word_1_56' title='bbox 294 955 395 1028; x_wconf 89' lang='lat' dir='ltr'><strong>itaque</strong></span> <span class='ocrx_word' id='word_1_57' title='bbox 416 955 493 1010; x_wconf 82' lang='lat' dir='ltr'><strong>acteo</strong></span> <span class='ocrx_word' id='word_1_58' title='bbox 508 955 615 1011; x_wconf 80' lang='lat' dir='ltr'><strong>ebsecro</strong></span> <span class='ocrx_word' id='word_1_59' title='bbox 629 952 784 1027; x_wconf 82' lang='lat' dir='ltr'><strong>significat,</strong></span> <span class='ocrx_word' id='word_1_60' title='bbox 799 967 867 1008; x_wconf 93' lang='lat' dir='ltr'><strong>cou-</strong></span> 
     </span>
     <span class='ocr_line' id='line_1_8' title="bbox 62 1041 868 1122; baseline -0.01 -17"><span class='ocrx_word' id='word_1_61' title='bbox 62 1051 163 1122; x_wconf 84' lang='lat' dir='ltr'><strong>sumpta</strong></span> <span class='ocrx_word' id='word_1_62' title='bbox 175 1045 269 1102; x_wconf 89' lang='lat' dir='ltr'><strong>littera</strong></span> <span class='ocrx_word' id='word_1_63' title='bbox 284 1043 329 1100; x_wconf 78' lang='lat' dir='ltr'><strong>vel</strong></span> <span class='ocrx_word' id='word_1_64' title='bbox 344 1041 448 1112; x_wconf 88' lang='lat' dir='ltr'><strong>vocali,</strong></span> <span class='ocrx_word' id='word_1_65' title='bbox 465 1061 528 1116; x_wconf 83' lang='lat' dir='ltr'><strong>quae</strong></span> <span class='ocrx_word' id='word_1_66' title='bbox 543 1043 665 1100; x_wconf 80' lang='lat' dir='ltr'><strong>verbum</strong></span> <span class='ocrx_word' id='word_1_67' title='bbox 681 1043 762 1115; x_wconf 90' lang='lat' dir='ltr'><strong>prius</strong></span> <span class='ocrx_word' id='word_1_68' title='bbox 776 1043 868 1098; x_wconf 90' lang='lat' dir='ltr'><strong>inter-</strong></span> 
     </span>
     <span class='ocr_line' id='line_1_9' title="bbox 61 1131 867 1208; baseline -0.009 -16"><span class='ocrx_word' id='word_1_69' title='bbox 61 1139 146 1202; x_wconf 88' lang='lat' dir='ltr'><strong>micat,</strong></span> <span class='ocrx_word' id='word_1_70' title='bbox 163 1151 225 1191; x_wconf 87' lang='lat' dir='ltr'><strong>cum</strong></span> <span class='ocrx_word' id='word_1_71' title='bbox 236 1133 360 1208; x_wconf 84' lang='lat' dir='ltr'><strong>perlecta</strong></span> <span class='ocrx_word' id='word_1_72' title='bbox 373 1133 480 1190; x_wconf 89' lang='lat' dir='ltr'><strong>dicitur</strong></span> <span class='ocrx_word' id='word_1_73' title='bbox 490 1133 543 1202; x_wconf 92' lang='lat' dir='ltr'><strong>osi,</strong></span> <span class='ocrx_word' id='word_1_74' title='bbox 557 1149 607 1206; x_wconf 92' lang='lat' dir='ltr'><strong>per·</strong></span> <span class='ocrx_word' id='word_1_75' title='bbox 617 1131 754 1188; x_wconf 89' lang='lat' dir='ltr'><strong>virtutem</strong></span> <span class='ocrx_word' id='word_1_76' title='bbox 766 1131 867 1187; x_wconf 79' lang='lat' dir='ltr'><strong>littera</strong></span> 
     </span>
     <span class='ocr_line' id='line_1_10' title="bbox 61 1221 866 1296; baseline -0.006 -16"><span class='ocrx_word' id='word_1_77' title='bbox 61 1225 149 1282; x_wconf 83' lang='lat' dir='ltr'><strong>roralis</strong></span> <span class='ocrx_word' id='word_1_78' title='bbox 167 1221 260 1296; x_wconf 88' lang='lat' dir='ltr'><strong>aleph,</strong></span> <span class='ocrx_word' id='word_1_79' title='bbox 277 1240 366 1296; x_wconf 90' lang='lat' dir='ltr'><strong>aqua</strong></span> <span class='ocrx_word' id='word_1_80' title='bbox 379 1223 501 1280; x_wconf 86' lang='lat' dir='ltr'><strong>verbum</strong></span> <span class='ocrx_word' id='word_1_81' title='bbox 515 1239 641 1295; x_wconf 88' lang='lat' dir='ltr'><strong>sequens</strong></span> <span class='ocrx_word' id='word_1_82' title='bbox 660 1221 764 1294; x_wconf 75' lang='lat' dir='ltr'><strong>incipit</strong></span> <span class='ocrx_word' id='word_1_83' title='bbox 779 1237 866 1287; x_wconf 89' lang='lat' dir='ltr'><strong>anna,</strong></span> 
     </span>
     <span class='ocr_line' id='line_1_11' title="bbox 61 1309 866 1388; baseline -0.006 -18"><span class='ocrx_word' id='word_1_84' title='bbox 61 1316 122 1388; x_wconf 88' lang='lat' dir='ltr'><strong>quod</strong></span> <span class='ocrx_word' id='word_1_85' title='bbox 137 1311 244 1370; x_wconf 91' lang='lat' dir='ltr'><strong>metrici</strong></span> <span class='ocrx_word' id='word_1_86' title='bbox 259 1313 291 1368; x_wconf 86' lang='lat' dir='ltr'><strong>iu</strong></span> <span class='ocrx_word' id='word_1_87' title='bbox 313 1312 409 1368; x_wconf 80' lang='lat' dir='ltr'><strong>verbis</strong></span> <span class='ocrx_word' id='word_1_88' title='bbox 425 1311 601 1369; x_wconf 75' lang='lat' dir='ltr'><strong>scandendis</strong></span> <span class='ocrx_word' id='word_1_89' title='bbox 615 1309 802 1384; x_wconf 76' lang='lat' dir='ltr'><strong>synaloephen</strong></span> <span class='ocrx_word' id='word_1_90' title='bbox 819 1326 866 1365; x_wconf 79' lang='lat' dir='ltr'><strong>ro·</strong></span> 
     </span>
     <span class='ocr_line' id='line_1_12' title="bbox 59 1399 868 1476; baseline -0.006 -17"><span class='ocrx_word' id='word_1_91' title='bbox 59 1409 120 1472; x_wconf 85' lang='lat' dir='ltr'><strong>aaut,</strong></span> <span class='ocrx_word' id='word_1_92' title='bbox 129 1401 257 1476; x_wconf 88' lang='lat' dir='ltr'><strong>quamvis</strong></span> <span class='ocrx_word' id='word_1_93' title='bbox 270 1399 313 1458; x_wconf 92' lang='lat' dir='ltr'><strong>illi</strong></span> <span class='ocrx_word' id='word_1_94' title='bbox 325 1401 466 1475; x_wconf 81' lang='lat' dir='ltr'><strong>scriptam</strong></span> <span class='ocrx_word' id='word_1_95' title='bbox 475 1400 603 1457; x_wconf 80' lang='lat' dir='ltr'><strong>litteram</strong></span> <span class='ocrx_word' id='word_1_96' title='bbox 612 1401 868 1457; x_wconf 85' lang='lat' dir='ltr'><strong>scandentestran-</strong></span> 
     </span>
     <span class='ocr_line' id='line_1_13' title="bbox 58 1488 867 1562; baseline -0.005 -14"><span class='ocrx_word' id='word_1_97' title='bbox 58 1493 156 1562; x_wconf 77' lang='lat' dir='ltr'><strong>siliaut3</strong></span> <span class='ocrx_word' id='word_1_98' title='bbox 172 1492 201 1547; x_wconf 91' lang='lat' dir='ltr'><strong>in</strong></span> <span class='ocrx_word' id='word_1_99' title='bbox 217 1490 274 1548; x_wconf 93' lang='lat' dir='ltr'><strong>hoc</strong></span> <span class='ocrx_word' id='word_1_100' title='bbox 290 1493 388 1547; x_wconf 86' lang='lat' dir='ltr'><strong>autem</strong></span> <span class='ocrx_word' id='word_1_101' title='bbox 405 1491 494 1547; x_wconf 85' lang='lat' dir='ltr'><strong>verbo</strong></span> <span class='ocrx_word' id='word_1_102' title='bbox 513 1507 635 1558; x_wconf 89' lang='lat' dir='ltr'><strong>osanna,</strong></span> <span class='ocrx_word' id='word_1_103' title='bbox 647 1491 686 1545; x_wconf 86' lang='lat' dir='ltr'><strong>iot</strong></span> <span class='ocrx_word' id='word_1_104' title='bbox 703 1488 799 1544; x_wconf 90' lang='lat' dir='ltr'><strong>littera</strong></span> <span class='ocrx_word' id='word_1_105' title='bbox 815 1503 867 1544; x_wconf 90' lang='lat' dir='ltr'><strong>nee</strong></span> 
     </span>
     <span class='ocr_line' id='line_1_14' title="bbox 58 1577 867 1652; baseline -0.005 -14"><span class='ocrx_word' id='word_1_106' title='bbox 58 1583 141 1638; x_wconf 89' lang='lat' dir='ltr'><strong>saltem</strong></span> <span class='ocrx_word' id='word_1_107' title='bbox 156 1581 314 1649; x_wconf 86' lang='lat' dir='ltr'><strong>scribatur,</strong></span> <span class='ocrx_word' id='word_1_108' title='bbox 333 1579 384 1636; x_wconf 89' lang='lat' dir='ltr'><strong>sed</strong></span> <span class='ocrx_word' id='word_1_109' title='bbox 396 1597 485 1636; x_wconf 90' lang='lat' dir='ltr'><strong>sensu</strong></span> <span class='ocrx_word' id='word_1_110' title='bbox 496 1579 680 1652; x_wconf 87' lang='lat' dir='ltr'><strong>loquentium</strong></span> <span class='ocrx_word' id='word_1_111' title='bbox 695 1577 784 1645; x_wconf 80' lang='lat' dir='ltr'><strong>solvo,</strong></span> <span class='ocrx_word' id='word_1_112' title='bbox 802 1577 867 1634; x_wconf 85' lang='lat' dir='ltr'><strong>luu-</strong></span> 
     </span>
     <span class='ocr_line' id='line_1_15' title="bbox 57 1667 868 1742; baseline -0.007 -15"><span class='ocrx_word' id='word_1_113' title='bbox 57 1673 118 1728; x_wconf 85' lang='lat' dir='ltr'><strong>ditus</strong></span> <span class='ocrx_word' id='word_1_114' title='bbox 139 1671 361 1728; x_wconf 86' lang='lat' dir='ltr'><strong>intermittatur.</strong></span> <span class='ocrx_word' id='word_1_115' title='bbox 390 1692 404 1722; x_wconf 91' lang='lat'>«</span> <span class='ocrx_word' id='word_1_116' title='bbox 417 1669 591 1726; x_wconf 83' lang='lat' dir='ltr'><strong>Benedictus</strong></span> <span class='ocrx_word' id='word_1_117' title='bbox 608 1667 657 1742; x_wconf 87' lang='lat' dir='ltr'><strong>qui</strong></span> <span class='ocrx_word' id='word_1_118' title='bbox 673 1667 797 1726; x_wconf 85' lang='lat' dir='ltr'><strong>venitin</strong></span> <span class='ocrx_word' id='word_1_119' title='bbox 814 1685 868 1722; x_wconf 92' lang='lat' dir='ltr'><strong>uc-</strong></span> 
     </span>
     <span class='ocr_line' id='line_1_16' title="bbox 58 1757 866 1830; baseline -0.005 -14"><span class='ocrx_word' id='word_1_120' title='bbox 58 1761 120 1818; x_wconf 88' lang='lat' dir='ltr'><strong>uiue</strong></span> <span class='ocrx_word' id='word_1_121' title='bbox 146 1759 272 1828; x_wconf 85' lang='lat' dir='ltr'><strong>Domini,</strong></span> <span class='ocrx_word' id='word_1_122' title='bbox 302 1776 351 1816; x_wconf 81' lang='lat' dir='ltr'><strong>rex</strong></span> <span class='ocrx_word' id='word_1_123' title='bbox 367 1757 466 1827; x_wconf 89' lang='lat' dir='ltr'><strong>lsrael,</strong></span> <span class='ocrx_word' id='word_1_124' title='bbox 486 1781 500 1809; x_wconf 76' lang='lat' dir='ltr'><strong>a</strong></span> <span class='ocrx_word' id='word_1_125' title='bbox 526 1757 567 1815; x_wconf 89' lang='lat' dir='ltr'><strong>sic</strong></span> <span class='ocrx_word' id='word_1_126' title='bbox 593 1757 795 1830; x_wconf 88' lang='lat' dir='ltr'><strong>accipiendum</strong></span> <span class='ocrx_word' id='word_1_127' title='bbox 812 1759 866 1826; x_wconf 89' lang='lat' dir='ltr'><strong>est,</strong></span> 
     </span>
    </p>
   </div>
   <div class='ocr_carea' id='block_1_4' title="bbox 921 680 1752 1852">
    <p class='ocr_par' dir='ltr' id='par_1_4' title="bbox 921 680 1752 1464">
     <span class='ocr_line' id='line_1_17' title="bbox 923 680 1740 764; baseline 0.033 -27"><span class='ocrx_word' id='word_1_128' title='bbox 923 680 1740 764; x_wconf 81' lang='lat' dir='ltr'><strong>sanguistundetur,perquemtuumdelictumdoleatur</strong></span> 
     </span>
     <span class='ocr_line' id='line_1_18' title="bbox 922 753 1751 869; baseline 0.035 -44"><span class='ocrx_word' id='word_1_129' title='bbox 922 773 951 826; x_wconf 87' lang='lat' dir='ltr'><strong>et</strong></span> <span class='ocrx_word' id='word_1_130' title='bbox 965 769 1023 825; x_wconf 84' lang='lat' dir='ltr'><strong>vita</strong></span> <span class='ocrx_word' id='word_1_131' title='bbox 1039 769 1209 828; x_wconf 82' lang='lat' dir='ltr'><strong>redimatur.</strong></span> <span class='ocrx_word' id='word_1_132' title='bbox 1221 775 1403 849; x_wconf 86' lang='lat' dir='ltr'><strong>Sedetsuper</strong></span> <span class='ocrx_word' id='word_1_133' title='bbox 1412 782 1527 852; x_wconf 89' lang='lat' dir='ltr'><strong>pullum</strong></span> <span class='ocrx_word' id='word_1_134' title='bbox 1541 788 1640 861; x_wconf 76' lang='lat' dir='ltr'><strong>asinae,</strong></span> <span class='ocrx_word' id='word_1_135' title='bbox 1652 793 1681 850; x_wconf 90' lang='lat' dir='ltr'><strong>in</strong></span> <span class='ocrx_word' id='word_1_136' title='bbox 1693 753 1751 869; x_wconf 70' lang='lat' dir='ltr'><strong>quc</strong></span> 
     </span>
     <span class='ocr_line' id='line_1_19' title="bbox 923 859 1751 954; baseline 0.037 -42"><span class='ocrx_word' id='word_1_137' title='bbox 923 875 1009 914; x_wconf 88' lang='lat' dir='ltr'><strong>nomo</strong></span> <span class='ocrx_word' id='word_1_138' title='bbox 1023 859 1139 915; x_wconf 82' lang='lat' dir='ltr'><strong>sederat</strong></span> <span class='ocrx_word' id='word_1_139' title='bbox 1149 861 1214 933; x_wconf 75' lang='lat' dir='ltr'><strong>(hoc</strong></span> <span class='ocrx_word' id='word_1_140' title='bbox 1229 862 1307 920; x_wconf 90' lang='lat' dir='ltr'><strong>enim</strong></span> <span class='ocrx_word' id='word_1_141' title='bbox 1319 869 1396 940; x_wconf 90' lang='lat' dir='ltr'><strong>apud</strong></span> <span class='ocrx_word' id='word_1_142' title='bbox 1413 870 1485 929; x_wconf 90' lang='lat' dir='ltr'><strong>alios</strong></span> <span class='ocrx_word' id='word_1_143' title='bbox 1500 879 1693 954; x_wconf 88' lang='lat' dir='ltr'><strong>evangelistas</strong></span> <span class='ocrx_word' id='word_1_144' title='bbox 1707 885 1751 942; x_wconf 91' lang='lat' dir='ltr'><strong>in·</strong></span> 
     </span>
     <span class='ocr_line' id='line_1_20' title="bbox 922 947 1752 1044; baseline 0.036 -42"><span class='ocrx_word' id='word_1_145' title='bbox 922 947 1064 1020; x_wconf 87' lang='lat' dir='ltr'><strong>venitur):</strong></span> <span class='ocrx_word' id='word_1_146' title='bbox 1077 949 1252 1024; x_wconf 75' lang='lat' dir='ltr'><strong>intelligitur</strong></span> <span class='ocrx_word' id='word_1_147' title='bbox 1261 955 1590 1040; x_wconf 87' lang='lat' dir='ltr'><strong>populuagentium‚qui</strong></span> <span class='ocrx_word' id='word_1_148' title='bbox 1598 967 1690 1044; x_wconf 86' lang='lat' dir='ltr'><strong>legem</strong></span> <span class='ocrx_word' id='word_1_149' title='bbox 1701 979 1752 1032; x_wconf 86' lang='lat' dir='ltr'><strong>De-</strong></span> 
     </span>
     <span class='ocr_line' id='line_1_21' title="bbox 923 1035 1752 1135; baseline 0.04 -46"><span class='ocrx_word' id='word_1_150' title='bbox 923 1035 995 1091; x_wconf 90' lang='lat' dir='ltr'><strong>miui</strong></span> <span class='ocrx_word' id='word_1_151' title='bbox 1014 1054 1070 1093; x_wconf 90' lang='lat' dir='ltr'><strong>non</strong></span> <span class='ocrx_word' id='word_1_152' title='bbox 1083 1045 1241 1112; x_wconf 87' lang='lat' dir='ltr'><strong>acceperat.</strong></span> <span class='ocrx_word' id='word_1_153' title='bbox 1259 1042 1352 1117; x_wconf 88' lang='lat' dir='ltr'><strong>Super</strong></span> <span class='ocrx_word' id='word_1_154' title='bbox 1367 1047 1481 1106; x_wconf 88' lang='lat' dir='ltr'><strong>asinam</strong></span> <span class='ocrx_word' id='word_1_155' title='bbox 1495 1070 1562 1112; x_wconf 80' lang='lat' dir='ltr'><strong>vero</strong></span> <span class='ocrx_word' id='word_1_156' title='bbox 1578 1059 1669 1128; x_wconf 86' lang='lat' dir='ltr'><strong>sedet,</strong></span> <span class='ocrx_word' id='word_1_157' title='bbox 1682 1065 1752 1135; x_wconf 89' lang='lat' dir='ltr'><strong>quia</strong></span> 
     </span>
     <span class='ocr_line' id='line_1_22' title="bbox 923 1127 1750 1222; baseline 0.037 -43"><span class='ocrx_word' id='word_1_158' title='bbox 923 1127 1081 1204; x_wconf 76' lang='lat' dir='ltr'><strong>utrumque</strong></span> <span class='ocrx_word' id='word_1_159' title='bbox 1088 1128 1257 1199; x_wconf 86' lang='lat' dir='ltr'><strong>jumentum</strong></span> <span class='ocrx_word' id='word_1_160' title='bbox 1273 1131 1398 1191; x_wconf 91' lang='lat' dir='ltr'><strong>Domino</strong></span> <span class='ocrx_word' id='word_1_161' title='bbox 1411 1139 1570 1200; x_wconf 89' lang='lat' dir='ltr'><strong>adductum</strong></span> <span class='ocrx_word' id='word_1_162' title='bbox 1582 1151 1626 1204; x_wconf 87' lang='lat' dir='ltr'><strong>est</strong></span> <span class='ocrx_word' id='word_1_163' title='bbox 1635 1148 1750 1222; x_wconf 86' lang='lat' dir='ltr'><strong>plebem</strong></span> 
     </span>
     <span class='ocr_line' id='line_1_23' title="bbox 921 1215 1748 1311; baseline 0.036 -42"><span class='ocrx_word' id='word_1_164' title='bbox 921 1230 986 1270; x_wconf 91' lang='lat' dir='ltr'><strong>eom</strong></span> <span class='ocrx_word' id='word_1_165' title='bbox 1010 1215 1192 1288; x_wconf 85' lang='lat' dir='ltr'><strong>significans,</strong></span> <span class='ocrx_word' id='word_1_166' title='bbox 1219 1236 1282 1290; x_wconf 83' lang='lat' dir='ltr'><strong>quae</strong></span> <span class='ocrx_word' id='word_1_167' title='bbox 1305 1222 1438 1282; x_wconf 85' lang='lat' dir='ltr'><strong>veniebat</strong></span> <span class='ocrx_word' id='word_1_168' title='bbox 1454 1245 1488 1284; x_wconf 87' lang='lat' dir='ltr'><strong>ex</strong></span> <span class='ocrx_word' id='word_1_169' title='bbox 1516 1235 1624 1306; x_wconf 91' lang='lat' dir='ltr'><strong>populo</strong></span> <span class='ocrx_word' id='word_1_170' title='bbox 1649 1238 1748 1311; x_wconf 88' lang='lat' dir='ltr'><strong>Israel,</strong></span> 
     </span>
     <span class='ocr_line' id='line_1_24' title="bbox 922 1304 1750 1396; baseline 0.04 -40"><span class='ocrx_word' id='word_1_171' title='bbox 922 1319 979 1358; x_wconf 92' lang='lat' dir='ltr'><strong>non</strong></span> <span class='ocrx_word' id='word_1_172' title='bbox 1005 1304 1181 1364; x_wconf 89' lang='lat' dir='ltr'><strong>indomitam</strong></span> <span class='ocrx_word' id='word_1_173' title='bbox 1207 1325 1281 1379; x_wconf 86' lang='lat' dir='ltr'><strong>esse,</strong></span> <span class='ocrx_word' id='word_1_174' title='bbox 1310 1312 1361 1368; x_wconf 91' lang='lat' dir='ltr'><strong>sed</strong></span> <span class='ocrx_word' id='word_1_175' title='bbox 1390 1331 1453 1387; x_wconf 80' lang='lat' dir='ltr'><strong>qua</strong></span> <span class='ocrx_word' id='word_1_176' title='bbox 1481 1337 1609 1396; x_wconf 76' lang='lat' dir='ltr'><strong>praesepe</strong></span> <span class='ocrx_word' id='word_1_177' title='bbox 1636 1331 1750 1388; x_wconf 88' lang='lat' dir='ltr'><strong>Domini</strong></span> 
     </span>
     <span class='ocr_line' id='line_1_25' title="bbox 922 1392 1048 1464; baseline 0.016 -18"><span class='ocrx_word' id='word_1_178' title='bbox 922 1392 1048 1464; x_wconf 88' lang='lat' dir='ltr'><strong>agnovit.</strong></span> 
     </span>
    </p>

    <p class='ocr_par' dir='ltr' id='par_1_5' title="bbox 921 1481 1750 1852">
     <span class='ocr_line' id='line_1_26' title="bbox 960 1481 1748 1580; baseline 0.042 -46"><span class='ocrx_word' id='word_1_179' title='bbox 960 1481 1055 1538; x_wconf 76' lang='lat' dir='ltr'><strong>«llaec</strong></span> <span class='ocrx_word' id='word_1_180' title='bbox 1079 1501 1135 1539; x_wconf 90' lang='lat' dir='ltr'><strong>non</strong></span> <span class='ocrx_word' id='word_1_181' title='bbox 1159 1496 1356 1559; x_wconf 85' lang='lat' dir='ltr'><strong>cognoverunt</strong></span> <span class='ocrx_word' id='word_1_182' title='bbox 1379 1493 1515 1569; x_wconf 89' lang='lat' dir='ltr'><strong>discipuli</strong></span> <span class='ocrx_word' id='word_1_183' title='bbox 1530 1502 1594 1572; x_wconf 79' lang='lat' dir='ltr'><strong>ejus</strong></span> <span class='ocrx_word' id='word_1_184' title='bbox 1608 1505 1748 1580; x_wconf 92' lang='lat' dir='ltr'><strong>primum,</strong></span> 
     </span>
     <span class='ocr_line' id='line_1_27' title="bbox 923 1571 1750 1669; baseline 0.046 -49"><span class='ocrx_word' id='word_1_185' title='bbox 923 1593 937 1620; x_wconf 68' lang='grc' dir='ltr'><strong>(ι</strong></span> <span class='ocrx_word' id='word_1_186' title='bbox 955 1571 1004 1626; x_wconf 90' lang='lat' dir='ltr'><strong>sed</strong></span> <span class='ocrx_word' id='word_1_187' title='bbox 1020 1573 1136 1644; x_wconf 90' lang='lat' dir='ltr'><strong>quande</strong></span> <span class='ocrx_word' id='word_1_188' title='bbox 1147 1574 1328 1647; x_wconf 83' lang='lat' dir='ltr'><strong>glorificatus</strong></span> <span class='ocrx_word' id='word_1_189' title='bbox 1343 1586 1387 1639; x_wconf 90' lang='lat' dir='ltr'><strong>est</strong></span> <span class='ocrx_word' id='word_1_190' title='bbox 1400 1585 1494 1644; x_wconf 88' lang='lat' dir='ltr'><strong>lesus.</strong></span> <span class='ocrx_word' id='word_1_191' title='bbox 1504 1612 1518 1638; x_wconf 71' lang='lat' dir='ltr'><strong>a</strong></span> <span class='ocrx_word' id='word_1_192' title='bbox 1534 1591 1564 1647; x_wconf 96' lang='lat' dir='ltr'><strong>ld</strong></span> <span class='ocrx_word' id='word_1_193' title='bbox 1578 1598 1622 1652; x_wconf 89' lang='lat' dir='ltr'><strong>est</strong></span> <span class='ocrx_word' id='word_1_194' title='bbox 1632 1601 1750 1669; x_wconf 89' lang='lat' dir='ltr'><strong>quande</strong></span> 
     </span>
     <span class='ocr_line' id='line_1_28' title="bbox 921 1657 1749 1747; baseline 0.041 -34"><span class='ocrx_word' id='word_1_195' title='bbox 921 1657 1028 1715; x_wconf 81' lang='lat' dir='ltr'><strong>virtute</strong></span> <span class='ocrx_word' id='word_1_196' title='bbox 1043 1677 1102 1718; x_wconf 87' lang='lat' dir='ltr'><strong>auae</strong></span> <span class='ocrx_word' id='word_1_197' title='bbox 1128 1668 1349 1727; x_wconf 90' lang='lat' dir='ltr'><strong>resurrectionis</strong></span> <span class='ocrx_word' id='word_1_198' title='bbox 1365 1675 1501 1745; x_wconf 81' lang='lat' dir='ltr'><strong>ostendit,</strong></span> <span class='ocrx_word' id='word_1_199' title='bbox 1517 1681 1588 1736; x_wconf 88' lang='lat' dir='ltr'><strong>tunc</strong></span> <span class='ocrx_word' id='word_1_200' title='bbox 1607 1690 1749 1747; x_wconf 86' lang='lat' dir='ltr'><strong>recordati</strong></span> 
     </span>
     <span class='ocr_line' id='line_1_29' title="bbox 923 1749 1750 1852; baseline 0.039 -48"><span class='ocrx_word' id='word_1_201' title='bbox 923 1753 994 1804; x_wconf 90' lang='lat' dir='ltr'><strong>sunt</strong></span> <span class='ocrx_word' id='word_1_202' title='bbox 1004 1749 1073 1822; x_wconf 88' lang='lat' dir='ltr'><strong>quia</strong></span> <span class='ocrx_word' id='word_1_203' title='bbox 1083 1749 1144 1808; x_wconf 90' lang='lat' dir='ltr'><strong>haec</strong></span> <span class='ocrx_word' id='word_1_204' title='bbox 1157 1759 1225 1810; x_wconf 91' lang='lat' dir='ltr'><strong>sunt</strong></span> <span class='ocrx_word' id='word_1_205' title='bbox 1235 1755 1343 1830; x_wconf 89' lang='lat' dir='ltr'><strong>scriptu</strong></span> <span class='ocrx_word' id='word_1_206' title='bbox 1354 1759 1390 1817; x_wconf 90' lang='lat' dir='ltr'><strong>de</strong></span> <span class='ocrx_word' id='word_1_207' title='bbox 1405 1779 1446 1821; x_wconf 90' lang='lat' dir='ltr'><strong>eo.</strong></span> <span class='ocrx_word' id='word_1_208' title='bbox 1462 1765 1750 1852; x_wconf 83' lang='lat' dir='ltr'><strong>Hecoleutesquippe</strong></span> 
     </span>
    </p>
   </div>
   <div class='ocr_carea' id='block_1_5' title="bbox 54 1840 1754 5675">
    <p class='ocr_par' dir='ltr' id='par_1_6' title="bbox 54 1840 1754 5675">
     <span class='ocr_line' id='line_1_30' title="bbox 58 1840 1750 1926; baseline 0.017 -20"><span class='ocrx_word' id='word_1_209' title='bbox 58 1855 82 1907; x_wconf 94' lang='lat' dir='ltr'><strong>ut</strong></span> <span class='ocrx_word' id='word_1_210' title='bbox 102 1851 126 1906; x_wconf 92' lang='lat' dir='ltr'><strong>in</strong></span> <span class='ocrx_word' id='word_1_211' title='bbox 150 1849 268 1907; x_wconf 90' lang='lat' dir='ltr'><strong>nomine</strong></span> <span class='ocrx_word' id='word_1_212' title='bbox 298 1847 392 1906; x_wconf 88' lang='lat' dir='ltr'><strong>Patris</strong></span> <span class='ocrx_word' id='word_1_213' title='bbox 417 1847 608 1922; x_wconf 89' lang='lat' dir='ltr'><strong>intelligatur,</strong></span> <span class='ocrx_word' id='word_1_214' title='bbox 638 1846 772 1920; x_wconf 81' lang='lat' dir='ltr'><strong>quamvls</strong></span> <span class='ocrx_word' id='word_1_215' title='bbox 801 1863 868 1918; x_wconf 84' lang='lat' dir='ltr'><strong>poa·</strong></span> <span class='ocrx_word' id='word_1_216' title='bbox 923 1840 1084 1894; x_wconf 62' lang='lat' dir='ltr'><strong>secundum</strong></span> <span class='ocrx_word' id='word_1_217' title='bbox 1104 1841 1631 1926; x_wconf 55' lang='lat' dir='ltr'><strong>Scripiffl&#39;lfflrsluaefflloePilSSiOssssm</strong></span> <span class='ocrx_word' id='word_1_218' title='bbox 1649 1864 1750 1926; x_wconf 60' lang='lat' dir='ltr'><strong>sivein</strong></span> 
     </span>
     <span class='ocr_line' id='line_1_31' title="bbox 56 1927 1750 2013; baseline 0.017 -29"><span class='ocrx_word' id='word_1_219' title='bbox 56 1940 85 1996; x_wconf 73' lang='lat' dir='ltr'><strong>sit</strong></span> <span class='ocrx_word' id='word_1_220' title='bbox 105 1940 204 1996; x_wconf 66' lang='lat' dir='ltr'><strong>habere</strong></span> <span class='ocrx_word' id='word_1_221' title='bbox 232 1936 472 2012; x_wconf 87' lang='lat' dir='ltr'><strong>intelligentiam,</strong></span> <span class='ocrx_word' id='word_1_222' title='bbox 501 1936 531 1992; x_wconf 92' lang='lat' dir='ltr'><strong>in</strong></span> <span class='ocrx_word' id='word_1_223' title='bbox 559 1936 677 1992; x_wconf 90' lang='lat' dir='ltr'><strong>nomine</strong></span> <span class='ocrx_word' id='word_1_224' title='bbox 705 1953 768 1994; x_wconf 91' lang='lat' dir='ltr'><strong>suo.</strong></span> <span class='ocrx_word' id='word_1_225' title='bbox 794 1935 868 2002; x_wconf 85' lang='lat' dir='ltr'><strong>Ouia</strong></span> <span class='ocrx_word' id='word_1_226' title='bbox 923 1927 1059 1999; x_wconf 81' lang='lat' dir='ltr'><strong>passione</strong></span> <span class='ocrx_word' id='word_1_227' title='bbox 1075 1929 1191 1988; x_wconf 87' lang='lat' dir='ltr'><strong>Domini</strong></span> <span class='ocrx_word' id='word_1_228' title='bbox 1207 1934 1352 2008; x_wconf 91' lang='lat' dir='ltr'><strong>completa</strong></span> <span class='ocrx_word' id='word_1_229' title='bbox 1366 1945 1446 2009; x_wconf 90' lang='lat' dir='ltr'><strong>sunt,</strong></span> <span class='ocrx_word' id='word_1_230' title='bbox 1465 1943 1504 2000; x_wconf 91' lang='lat' dir='ltr'><strong>ihi</strong></span> <span class='ocrx_word' id='word_1_231' title='bbox 1522 1950 1550 2003; x_wconf 89' lang='lat' dir='ltr'><strong>et</strong></span> <span class='ocrx_word' id='word_1_232' title='bbox 1564 1949 1619 2007; x_wconf 91' lang='lat' dir='ltr'><strong>hoe</strong></span> <span class='ocrx_word' id='word_1_233' title='bbox 1634 1951 1750 2013; x_wconf 89' lang='lat' dir='ltr'><strong>invene·</strong></span> 
     </span>
     <span class='ocr_line' id='line_1_32' title="bbox 56 2021 1751 2117; baseline 0.018 -43"><span class='ocrx_word' id='word_1_234' title='bbox 56 2034 77 2084; x_wconf 68' lang='lat'><strong>01</strong></span> <span class='ocrx_word' id='word_1_235' title='bbox 88 2028 141 2103; x_wconf 69' lang='lat' dir='ltr'><strong>ipse</strong></span> <span class='ocrx_word' id='word_1_236' title='bbox 168 2029 315 2086; x_wconf 85' lang='lat' dir='ltr'><strong>Dominus</strong></span> <span class='ocrx_word' id='word_1_237' title='bbox 344 2029 399 2097; x_wconf 86' lang='lat' dir='ltr'><strong>est,</strong></span> <span class='ocrx_word' id='word_1_238' title='bbox 431 2027 509 2084; x_wconf 90' lang='lat' dir='ltr'><strong>unde</strong></span> <span class='ocrx_word' id='word_1_239' title='bbox 540 2025 610 2082; x_wconf 91' lang='lat' dir='ltr'><strong>alibi</strong></span> <span class='ocrx_word' id='word_1_240' title='bbox 639 2026 864 2099; x_wconf 85' lang='lat' dir='ltr'><strong>scriptumest:</strong></span> <span class='ocrx_word' id='word_1_241' title='bbox 923 2021 1001 2086; x_wconf 86' lang='lat' dir='ltr'><strong>runt,</strong></span> <span class='ocrx_word' id='word_1_242' title='bbox 1019 2021 1229 2078; x_wconf 87' lang='lat' dir='ltr'><strong>utseeuudum</strong></span> <span class='ocrx_word' id='word_1_243' title='bbox 1252 2025 1368 2100; x_wconf 87' lang='lat' dir='ltr'><strong>eloquia</strong></span> <span class='ocrx_word' id='word_1_244' title='bbox 1391 2033 1647 2106; x_wconf 88' lang='lat' dir='ltr'><strong>prophetarumin</strong></span> <span class='ocrx_word' id='word_1_245' title='bbox 1671 2045 1751 2117; x_wconf 93' lang='lat' dir='ltr'><strong>pullo</strong></span> 
     </span>
     <span class='ocr_line' id='line_1_33' title="bbox 56 2107 1148 2188; baseline 0.012 -20"><span class='ocrx_word' id='word_1_246' title='bbox 56 2142 67 2168; x_wconf 75' lang='lat' dir='ltr'><strong>a</strong></span> <span class='ocrx_word' id='word_1_247' title='bbox 77 2118 143 2174; x_wconf 90' lang='lat' dir='ltr'><strong>Pluit</strong></span> <span class='ocrx_word' id='word_1_248' title='bbox 156 2119 301 2175; x_wconf 87' lang='lat' dir='ltr'><strong>Dominus</strong></span> <span class='ocrx_word' id='word_1_249' title='bbox 316 2135 333 2173; x_wconf 91' lang='lat' dir='ltr'><strong>a</strong></span> <span class='ocrx_word' id='word_1_250' title='bbox 348 2117 481 2176; x_wconf 91' lang='lat' dir='ltr'><strong>Domino.</strong></span> <span class='ocrx_word' id='word_1_251' title='bbox 496 2139 511 2167; x_wconf 72' lang='lat' dir='ltr'><strong>a</strong></span> <span class='ocrx_word' id='word_1_252' title='bbox 523 2115 618 2172; x_wconf 85' lang='lat' dir='ltr'><strong>Verba</strong></span> <span class='ocrx_word' id='word_1_253' title='bbox 628 2115 692 2188; x_wconf 90' lang='lat' dir='ltr'><strong>ejus</strong></span> <span class='ocrx_word' id='word_1_254' title='bbox 703 2115 807 2171; x_wconf 72' lang='lat' dir='ltr'><strong>melius</strong></span> <span class='ocrx_word' id='word_1_255' title='bbox 819 2130 868 2170; x_wconf 89' lang='lat' dir='ltr'><strong>nc·</strong></span> <span class='ocrx_word' id='word_1_256' title='bbox 922 2107 1010 2162; x_wconf 64' lang='lat' dir='ltr'><strong>¹1⁸5ssae</strong></span> <span class='ocrx_word' id='word_1_257' title='bbox 1026 2109 1148 2166; x_wconf 64' lang='lat' dir='ltr'><strong>Sssdefei·</strong></span> 
     </span>
     <span class='ocr_line' id='line_1_34' title="bbox 56 2198 1752 2293; baseline 0.014 -34"><span class='ocrx_word' id='word_1_258' title='bbox 56 2213 131 2264; x_wconf 87' lang='lat' dir='ltr'><strong>strum</strong></span> <span class='ocrx_word' id='word_1_259' title='bbox 149 2207 279 2282; x_wconf 83' lang='lat' dir='ltr'><strong>dirigant</strong></span> <span class='ocrx_word' id='word_1_260' title='bbox 292 2206 484 2278; x_wconf 90' lang='lat' dir='ltr'><strong>intellectum,</strong></span> <span class='ocrx_word' id='word_1_261' title='bbox 502 2205 552 2278; x_wconf 92' lang='lat' dir='ltr'><strong>qui</strong></span> <span class='ocrx_word' id='word_1_262' title='bbox 568 2205 625 2261; x_wconf 90' lang='lat' dir='ltr'><strong>ait:</strong></span> <span class='ocrx_word' id='word_1_263' title='bbox 655 2229 665 2256; x_wconf 79' lang='lat' dir='ltr'><strong>r</strong></span> <span class='ocrx_word' id='word_1_264' title='bbox 682 2207 741 2278; x_wconf 77' lang='lat' dir='ltr'><strong>Ego</strong></span> <span class='ocrx_word' id='word_1_265' title='bbox 756 2204 820 2260; x_wconf 84' lang='lat' dir='ltr'><strong>veni</strong></span> <span class='ocrx_word' id='word_1_266' title='bbox 837 2203 867 2258; x_wconf 90' lang='lat' dir='ltr'><strong>in</strong></span> <span class='ocrx_word' id='word_1_267' title='bbox 959 2219 973 2246; x_wconf 73' lang='grc' dir='ltr'><strong>ιι</strong></span> <span class='ocrx_word' id='word_1_268' title='bbox 990 2198 1204 2259; x_wconf 87' lang='lat' dir='ltr'><strong>Testimonium</strong></span> <span class='ocrx_word' id='word_1_269' title='bbox 1220 2221 1287 2279; x_wconf 78' lang='lat' dir='ltr'><strong>ergo</strong></span> <span class='ocrx_word' id='word_1_270' title='bbox 1303 2207 1475 2280; x_wconf 86' lang='lat' dir='ltr'><strong>perhibebat</strong></span> <span class='ocrx_word' id='word_1_271' title='bbox 1490 2217 1577 2274; x_wconf 87' lang='lat' dir='ltr'><strong>turba</strong></span> <span class='ocrx_word' id='word_1_272' title='bbox 1602 2237 1665 2293; x_wconf 82' lang='lat' dir='ltr'><strong>quae</strong></span> <span class='ocrx_word' id='word_1_273' title='bbox 1690 2229 1752 2282; x_wconf 88' lang='lat' dir='ltr'><strong>erat</strong></span> 
     </span>
     <span class='ocr_line' id='line_1_35' title="bbox 55 2291 1751 2382; baseline 0.041 -81"><span class='ocrx_word' id='word_1_274' title='bbox 55 2297 262 2354; x_wconf 56' lang='lat' dir='ltr'><strong>nominepatris</strong></span> <span class='ocrx_word' id='word_1_275' title='bbox 292 2295 360 2364; x_wconf 41' lang='lat' dir='ltr'><strong>mei,</strong></span> <span class='ocrx_word' id='word_1_276' title='bbox 386 2299 486 2352; x_wconf 56' lang='lat' dir='ltr'>emon</span> <span class='ocrx_word' id='word_1_277' title='bbox 512 2292 765 2367; x_wconf 52' lang='lat' dir='ltr'><strong>suscepistismeg</strong></span> <span class='ocrx_word' id='word_1_278' title='bbox 791 2291 867 2348; x_wconf 63' lang='lat' dir='ltr'><strong>,rius</strong></span> <span class='ocrx_word' id='word_1_279' title='bbox 923 2308 937 2334; x_wconf 74' lang='lat' dir='ltr'><strong>a</strong></span> <span class='ocrx_word' id='word_1_280' title='bbox 953 2302 1020 2342; x_wconf 92' lang='lat' dir='ltr'><strong>eum</strong></span> <span class='ocrx_word' id='word_1_281' title='bbox 1034 2305 1066 2344; x_wconf 90' lang='lat' dir='ltr'><strong>oo</strong></span> <span class='ocrx_word' id='word_1_282' title='bbox 1081 2292 1198 2362; x_wconf 90' lang='lat' dir='ltr'><strong>quando</strong></span> <span class='ocrx_word' id='word_1_283' title='bbox 1215 2293 1356 2354; x_wconf 88' lang='lat' dir='ltr'><strong>Lazarum</strong></span> <span class='ocrx_word' id='word_1_284' title='bbox 1371 2303 1483 2359; x_wconf 85' lang='lat' dir='ltr'><strong>vocavit</strong></span> <span class='ocrx_word' id='word_1_285' title='bbox 1497 2305 1532 2362; x_wconf 91' lang='lat' dir='ltr'><strong>de</strong></span> <span class='ocrx_word' id='word_1_286' title='bbox 1548 2317 1751 2382; x_wconf 90' lang='lat' dir='ltr'><strong>monumento,</strong></span> 
     </span>
     <span class='ocr_line' id='line_1_36' title="bbox 54 2377 1751 2466; baseline 0.026 -49"><span class='ocrx_word' id='word_1_287' title='bbox 54 2385 132 2441; x_wconf 56' lang='lat' dir='ltr'><strong>„niet</strong></span> <span class='ocrx_word' id='word_1_288' title='bbox 144 2385 172 2441; x_wconf 68' lang='lat' dir='ltr'><strong>i„</strong></span> <span class='ocrx_word' id='word_1_289' title='bbox 188 2385 311 2442; x_wconf 57' lang='lat' dir='ltr'><strong>nomine</strong></span> <span class='ocrx_word' id='word_1_290' title='bbox 326 2401 390 2452; x_wconf 90' lang='lat' dir='ltr'><strong>suo,</strong></span> <span class='ocrx_word' id='word_1_291' title='bbox 414 2383 492 2440; x_wconf 80' lang='lat' dir='ltr'><strong>hunc</strong></span> <span class='ocrx_word' id='word_1_292' title='bbox 509 2381 676 2456; x_wconf 85' lang='lat' dir='ltr'><strong>suscipietis</strong></span> <span class='ocrx_word' id='word_1_293' title='bbox 692 2383 780 2454; x_wconf 80' lang='lat' dir='ltr'><strong>(loon.</strong></span> <span class='ocrx_word' id='word_1_294' title='bbox 795 2381 833 2454; x_wconf 84' lang='lat' dir='ltr'><strong>v).</strong></span> <span class='ocrx_word' id='word_1_295' title='bbox 851 2403 865 2432; x_wconf 72' lang='lat' dir='ltr'><strong>a</strong></span> <span class='ocrx_word' id='word_1_296' title='bbox 923 2397 937 2424; x_wconf 94' lang='lat'>«</span> <span class='ocrx_word' id='word_1_297' title='bbox 954 2379 981 2432; x_wconf 88' lang='lat' dir='ltr'><strong>ct</strong></span> <span class='ocrx_word' id='word_1_298' title='bbox 992 2377 1143 2436; x_wconf 79' lang='lat' dir='ltr'><strong>suscitavit</strong></span> <span class='ocrx_word' id='word_1_299' title='bbox 1153 2397 1220 2437; x_wconf 93' lang='lat' dir='ltr'><strong>eum</strong></span> <span class='ocrx_word' id='word_1_300' title='bbox 1232 2401 1249 2438; x_wconf 89' lang='lat' dir='ltr'><strong>a</strong></span> <span class='ocrx_word' id='word_1_301' title='bbox 1261 2387 1393 2445; x_wconf 87' lang='lat' dir='ltr'><strong>mortuis.</strong></span> <span class='ocrx_word' id='word_1_302' title='bbox 1406 2415 1419 2442; x_wconf 76' lang='lat' dir='ltr'><strong>n</strong></span> <span class='ocrx_word' id='word_1_303' title='bbox 1432 2391 1589 2466; x_wconf 87' lang='lat' dir='ltr'><strong>Propterea</strong></span> <span class='ocrx_word' id='word_1_304' title='bbox 1598 2402 1627 2454; x_wconf 86' lang='lat' dir='ltr'><strong>et</strong></span> <span class='ocrx_word' id='word_1_305' title='bbox 1636 2401 1751 2460; x_wconf 86' lang='lat' dir='ltr'><strong>obviam</strong></span> 
     </span>
     <span class='ocr_line' id='line_1_37' title="bbox 55 2464 1751 2561; baseline 0.041 -81"><span class='ocrx_word' id='word_1_306' title='bbox 55 2471 660 2547; x_wconf 69' lang='lat' dir='ltr'><strong>Humilitatisenimmagisterestssbri³l11⁵2</strong></span> <span class='ocrx_word' id='word_1_307' title='bbox 672 2471 722 2544; x_wconf 66' lang='lat' dir='ltr'><strong>qui</strong></span> <span class='ocrx_word' id='word_1_308' title='bbox 733 2469 868 2526; x_wconf 62' lang='lat' dir='ltr'><strong>humilia.</strong></span> <span class='ocrx_word' id='word_1_309' title='bbox 921 2464 1000 2520; x_wconf 88' lang='lat' dir='ltr'><strong>venit</strong></span> <span class='ocrx_word' id='word_1_310' title='bbox 1014 2467 1039 2521; x_wconf 88' lang='lat' dir='ltr'><strong>ei</strong></span> <span class='ocrx_word' id='word_1_311' title='bbox 1056 2468 1153 2536; x_wconf 88' lang='lat' dir='ltr'><strong>turha,</strong></span> <span class='ocrx_word' id='word_1_312' title='bbox 1170 2471 1239 2543; x_wconf 89' lang='lat' dir='ltr'><strong>quia</strong></span> <span class='ocrx_word' id='word_1_313' title='bbox 1254 2475 1409 2534; x_wconf 88' lang='lat' dir='ltr'><strong>audierunt</strong></span> <span class='ocrx_word' id='word_1_314' title='bbox 1424 2497 1491 2538; x_wconf 92' lang='lat' dir='ltr'><strong>eum</strong></span> <span class='ocrx_word' id='word_1_315' title='bbox 1507 2482 1561 2541; x_wconf 89' lang='lat' dir='ltr'><strong>hoc</strong></span> <span class='ocrx_word' id='word_1_316' title='bbox 1576 2487 1695 2561; x_wconf 87' lang='lat' dir='ltr'><strong>signum</strong></span> <span class='ocrx_word' id='word_1_317' title='bbox 1712 2494 1751 2549; x_wconf 88' lang='lat' dir='ltr'><strong>le·</strong></span> 
     </span>
     <span class='ocr_line' id='line_1_38' title="bbox 54 2554 1752 2648; baseline 0.014 -34"><span class='ocrx_word' id='word_1_318' title='bbox 54 2565 83 2618; x_wconf 81' lang='lat' dir='ltr'><strong>rit</strong></span> <span class='ocrx_word' id='word_1_319' title='bbox 92 2565 289 2638; x_wconf 86' lang='lat' dir='ltr'><strong>semetipsum,</strong></span> <span class='ocrx_word' id='word_1_320' title='bbox 302 2563 396 2618; x_wconf 84' lang='lat' dir='ltr'><strong>factus</strong></span> <span class='ocrx_word' id='word_1_321' title='bbox 415 2562 554 2618; x_wconf 88' lang='lat' dir='ltr'><strong>obediens</strong></span> <span class='ocrx_word' id='word_1_322' title='bbox 574 2579 667 2634; x_wconf 88' lang='lat' dir='ltr'><strong>usque</strong></span> <span class='ocrx_word' id='word_1_323' title='bbox 682 2561 717 2617; x_wconf 90' lang='lat' dir='ltr'><strong>ad</strong></span> <span class='ocrx_word' id='word_1_324' title='bbox 732 2563 867 2625; x_wconf 87' lang='lat' dir='ltr'><strong>mortenr,</strong></span> <span class='ocrx_word' id='word_1_325' title='bbox 922 2554 1008 2610; x_wconf 82' lang='lat' dir='ltr'><strong>cisse.</strong></span> <span class='ocrx_word' id='word_1_326' title='bbox 1026 2556 1164 2614; x_wconf 72' lang='lat' dir='ltr'><strong>Pharisaei</strong></span> <span class='ocrx_word' id='word_1_327' title='bbox 1181 2578 1248 2634; x_wconf 81' lang='lat' dir='ltr'><strong>ergo</strong></span> <span class='ocrx_word' id='word_1_328' title='bbox 1264 2563 1447 2625; x_wconf 82' lang='lat' dir='ltr'><strong>dixeruntad</strong></span> <span class='ocrx_word' id='word_1_329' title='bbox 1459 2575 1632 2648; x_wconf 87' lang='lat' dir='ltr'><strong>semetipsos</strong></span> <span class='ocrx_word' id='word_1_330' title='bbox 1648 2597 1654 2635; x_wconf 90' lang='lat'>:</span> <span class='ocrx_word' id='word_1_331' title='bbox 1673 2603 1687 2633; x_wconf 90' lang='lat'>«</span> <span class='ocrx_word' id='word_1_332' title='bbox 1703 2581 1752 2637; x_wconf 59' lang='lat' dir='ltr'><strong>Vi*</strong></span> 
     </span>
     <span class='ocr_line' id='line_1_39' title="bbox 56 2643 1752 2728; baseline 0.037 -62"><span class='ocrx_word' id='word_1_333' title='bbox 56 2657 158 2710; x_wconf 50' lang='lat' dir='ltr'><strong>mortem</strong></span> <span class='ocrx_word' id='word_1_334' title='bbox 170 2658 273 2710; x_wconf 55' lang='lat' dir='ltr'>aulem</span> <span class='ocrx_word' id='word_1_335' title='bbox 287 2651 381 2709; x_wconf 59' lang='lat' dir='ltr'><strong>crucis</strong></span> <span class='ocrx_word' id='word_1_336' title='bbox 393 2651 509 2724; x_wconf 33' lang='lat' dir='ltr'><strong>(Philip,</strong></span> <span class='ocrx_word' id='word_1_337' title='bbox 522 2651 564 2723; x_wconf 44' lang='grc' dir='ltr'><strong>Π),</strong></span> <span class='ocrx_word' id='word_1_338' title='bbox 576 2653 637 2706; x_wconf 70' lang='lat' dir='ltr'><strong>Non</strong></span> <span class='ocrx_word' id='word_1_339' title='bbox 651 2649 869 2723; x_wconf 62' lang='lat' dir='ltr'><strong>itaqueamirrit</strong></span> <span class='ocrx_word' id='word_1_340' title='bbox 923 2643 999 2700; x_wconf 89' lang='lat' dir='ltr'><strong>detis</strong></span> <span class='ocrx_word' id='word_1_341' title='bbox 1014 2647 1084 2717; x_wconf 88' lang='lat' dir='ltr'><strong>quia</strong></span> <span class='ocrx_word' id='word_1_342' title='bbox 1113 2647 1186 2703; x_wconf 89' lang='lat' dir='ltr'><strong>nihil</strong></span> <span class='ocrx_word' id='word_1_343' title='bbox 1214 2653 1409 2722; x_wconf 77' lang='lat' dir='ltr'><strong>proficimus?</strong></span> <span class='ocrx_word' id='word_1_344' title='bbox 1430 2659 1502 2717; x_wconf 83' lang='lat' dir='ltr'><strong>llaec</strong></span> <span class='ocrx_word' id='word_1_345' title='bbox 1526 2667 1656 2724; x_wconf 88' lang='lat' dir='ltr'><strong>muudus</strong></span> <span class='ocrx_word' id='word_1_346' title='bbox 1673 2674 1752 2728; x_wconf 84' lang='lat' dir='ltr'><strong>totus</strong></span> 
     </span>
     <span class='ocr_line' id='line_1_40' title="bbox 57 2735 1750 2816; baseline 0.038 -64"><span class='ocrx_word' id='word_1_347' title='bbox 57 2742 231 2810; x_wconf 54' lang='lat' dir='ltr'><strong>Divinitatem&#39;</strong></span> <span class='ocrx_word' id='word_1_348' title='bbox 244 2742 367 2816; x_wconf 62' lang='lat' dir='ltr'>quando</span> <span class='ocrx_word' id='word_1_349' title='bbox 383 2757 437 2797; x_wconf 66' lang='lat' dir='ltr'><strong>nos</strong></span> <span class='ocrx_word' id='word_1_350' title='bbox 450 2741 535 2798; x_wconf 57' lang='lat' dir='ltr'><strong>docet</strong></span> <span class='ocrx_word' id='word_1_351' title='bbox 549 2739 756 2796; x_wconf 52' lang='lat' dir='ltr'><strong>humilitatem,</strong></span> <span class='ocrx_word' id='word_1_352' title='bbox 773 2744 805 2795; x_wconf 92' lang='lat' dir='ltr'><strong>ln</strong></span> <span class='ocrx_word' id='word_1_353' title='bbox 819 2737 869 2794; x_wconf 68' lang='lat' dir='ltr'><strong>illa</strong></span> <span class='ocrx_word' id='word_1_354' title='bbox 923 2736 1067 2804; x_wconf 82' lang='lat' dir='ltr'><strong>postcom</strong></span> <span class='ocrx_word' id='word_1_355' title='bbox 1083 2735 1156 2792; x_wconf 90' lang='lat' dir='ltr'><strong>ahiit</strong></span> <span class='ocrx_word' id='word_1_356' title='bbox 1172 2738 1260 2810; x_wconf 80' lang='lat' dir='ltr'><strong>(lonc.</strong></span> <span class='ocrx_word' id='word_1_357' title='bbox 1273 2741 1334 2814; x_wconf 87' lang='lat' dir='ltr'><strong>xrr).</strong></span> <span class='ocrx_word' id='word_1_358' title='bbox 1348 2767 1361 2792; x_wconf 70' lang='grc' dir='ltr'><strong>υ</strong></span> <span class='ocrx_word' id='word_1_359' title='bbox 1374 2746 1472 2803; x_wconf 88' lang='lat' dir='ltr'><strong>Turba</strong></span> <span class='ocrx_word' id='word_1_360' title='bbox 1482 2751 1611 2809; x_wconf 85' lang='lat' dir='ltr'><strong>turbavit</strong></span> <span class='ocrx_word' id='word_1_361' title='bbox 1622 2758 1750 2816; x_wconf 83' lang='lat' dir='ltr'><strong>turbam.</strong></span> 
     </span>
     <span class='ocr_line' id='line_1_41' title="bbox 56 2821 1753 2912; baseline 0.02 -27"><span class='ocrx_word' id='word_1_362' title='bbox 56 2831 115 2886; x_wconf 88' lang='lat' dir='ltr'><strong>Patri</strong></span> <span class='ocrx_word' id='word_1_363' title='bbox 124 2837 165 2889; x_wconf 89' lang='lat' dir='ltr'><strong>est</strong></span> <span class='ocrx_word' id='word_1_364' title='bbox 178 2830 316 2904; x_wconf 80' lang='lat' dir='ltr'><strong>aequalis,</strong></span> <span class='ocrx_word' id='word_1_365' title='bbox 328 2830 357 2886; x_wconf 92' lang='lat' dir='ltr'><strong>in</strong></span> <span class='ocrx_word' id='word_1_366' title='bbox 371 2831 425 2886; x_wconf 89' lang='lat' dir='ltr'><strong>hac</strong></span> <span class='ocrx_word' id='word_1_367' title='bbox 441 2829 526 2887; x_wconf 92' lang='lat' dir='ltr'><strong>uobis</strong></span> <span class='ocrx_word' id='word_1_368' title='bbox 537 2828 653 2886; x_wconf 90' lang='lat' dir='ltr'><strong>similis.</strong></span> <span class='ocrx_word' id='word_1_369' title='bbox 663 2829 779 2885; x_wconf 90' lang='lat' dir='ltr'><strong>Perhoc</strong></span> <span class='ocrx_word' id='word_1_370' title='bbox 790 2828 867 2904; x_wconf 88' lang='lat' dir='ltr'><strong>quod</strong></span> <span class='ocrx_word' id='word_1_371' title='bbox 923 2821 996 2887; x_wconf 74' lang='lat' dir='ltr'><strong>Quid</strong></span> <span class='ocrx_word' id='word_1_372' title='bbox 1008 2827 1104 2880; x_wconf 67' lang='lat' dir='ltr'><strong>aulem</strong></span> <span class='ocrx_word' id='word_1_373' title='bbox 1116 2825 1239 2896; x_wconf 67' lang='lat' dir='ltr'><strong>invides,</strong></span> <span class='ocrx_word' id='word_1_374' title='bbox 1249 2847 1324 2886; x_wconf 56' lang='lat'>05⁹⁰&amp;</span> <span class='ocrx_word' id='word_1_375' title='bbox 1335 2833 1431 2903; x_wconf 60' lang='lat' dir='ltr'><strong>turbas</strong></span> <span class='ocrx_word' id='word_1_376' title='bbox 1443 2836 1514 2909; x_wconf 61' lang='lat' dir='ltr'><strong>(luia</strong></span> <span class='ocrx_word' id='word_1_377' title='bbox 1523 2845 1589 2912; x_wconf 64' lang='lat' dir='ltr'><strong>POSi</strong></span> <span class='ocrx_word' id='word_1_378' title='bbox 1600 2848 1753 2905; x_wconf 61' lang='lat' dir='ltr'><strong>eumvadii</strong></span> 
     </span>
     <span class='ocr_line' id='line_1_42' title="bbox 56 2913 1570 2994; baseline 0.02 -20"><span class='ocrx_word' id='word_1_379' title='bbox 56 2919 116 2975; x_wconf 86' lang='lat' dir='ltr'><strong>Patri</strong></span> <span class='ocrx_word' id='word_1_380' title='bbox 131 2920 249 2994; x_wconf 80' lang='lat' dir='ltr'><strong>equalis</strong></span> <span class='ocrx_word' id='word_1_381' title='bbox 268 2923 325 2988; x_wconf 90' lang='lat' dir='ltr'><strong>est,</strong></span> <span class='ocrx_word' id='word_1_382' title='bbox 342 2936 396 2977; x_wconf 88' lang='lat' dir='ltr'><strong>nos</strong></span> <span class='ocrx_word' id='word_1_383' title='bbox 412 2923 445 2976; x_wconf 92' lang='lat' dir='ltr'><strong>ut</strong></span> <span class='ocrx_word' id='word_1_384' title='bbox 458 2936 591 2976; x_wconf 87' lang='lat' dir='ltr'><strong>essemus</strong></span> <span class='ocrx_word' id='word_1_385' title='bbox 604 2918 711 2975; x_wconf 86' lang='lat' dir='ltr'><strong>creavit</strong></span> <span class='ocrx_word' id='word_1_386' title='bbox 724 2935 776 2991; x_wconf 89' lang='lat' dir='ltr'><strong>per</strong></span> <span class='ocrx_word' id='word_1_387' title='bbox 790 2918 867 2991; x_wconf 91' lang='lat' dir='ltr'><strong>quod</strong></span> <span class='ocrx_word' id='word_1_388' title='bbox 923 2913 1063 2985; x_wconf 64' lang='lat' dir='ltr'><strong>mundus,</strong></span> <span class='ocrx_word' id='word_1_389' title='bbox 1081 2931 1132 2987; x_wconf 64' lang='lat' dir='ltr'><strong>pel</strong></span> <span class='ocrx_word' id='word_1_390' title='bbox 1146 2933 1233 2989; x_wconf 89' lang='lat' dir='ltr'><strong>quem</strong></span> <span class='ocrx_word' id='word_1_391' title='bbox 1249 2919 1343 2979; x_wconf 50' lang='lat'><strong>&amp;⁰¹⁰⁸</strong></span> <span class='ocrx_word' id='word_1_392' title='bbox 1359 2928 1403 2980; x_wconf 63' lang='lat' dir='ltr'><strong>esi</strong></span> <span class='ocrx_word' id='word_1_393' title='bbox 1418 2929 1570 2987; x_wconf 63' lang='lat' dir='ltr'>mundus?</span> 
     </span>
     <span class='ocr_line' id='line_1_43' title="bbox 56 3001 1752 3093; baseline 0.021 -29"><span class='ocrx_word' id='word_1_394' title='bbox 56 3011 122 3067; x_wconf 88' lang='lat' dir='ltr'><strong>uobis</strong></span> <span class='ocrx_word' id='word_1_395' title='bbox 132 3016 174 3068; x_wconf 89' lang='lat' dir='ltr'><strong>est</strong></span> <span class='ocrx_word' id='word_1_396' title='bbox 188 3009 312 3078; x_wconf 89' lang='lat' dir='ltr'><strong>similis,</strong></span> <span class='ocrx_word' id='word_1_397' title='bbox 340 3027 376 3067; x_wconf 92' lang='lat' dir='ltr'><strong>ne</strong></span> <span class='ocrx_word' id='word_1_398' title='bbox 391 3009 554 3092; x_wconf 86' lang='lat' dir='ltr'><strong>periremus</strong></span> <span class='ocrx_word' id='word_1_399' title='bbox 568 3007 701 3065; x_wconf 89' lang='lat' dir='ltr'><strong>redemit.</strong></span> <span class='ocrx_word' id='word_1_400' title='bbox 719 3007 776 3064; x_wconf 88' lang='lat' dir='ltr'><strong>llas</strong></span> <span class='ocrx_word' id='word_1_401' title='bbox 790 3007 867 3063; x_wconf 89' lang='lat' dir='ltr'><strong>enim</strong></span> <span class='ocrx_word' id='word_1_402' title='bbox 959 3023 973 3050; x_wconf 68' lang='lat' dir='ltr'><strong>t&lt;</strong></span> <span class='ocrx_word' id='word_1_403' title='bbox 986 3001 1075 3056; x_wconf 63' lang='lat' dir='ltr'><strong>Erant</strong></span> <span class='ocrx_word' id='word_1_404' title='bbox 1089 3006 1187 3060; x_wconf 77' lang='lat' dir='ltr'><strong>autem</strong></span> <span class='ocrx_word' id='word_1_405' title='bbox 1203 3006 1327 3078; x_wconf 63' lang='lat' dir='ltr'><strong>Sflssillssfl</strong></span> <span class='ocrx_word' id='word_1_406' title='bbox 1343 3009 1463 3083; x_wconf 90' lang='lat' dir='ltr'><strong>quidam</strong></span> <span class='ocrx_word' id='word_1_407' title='bbox 1480 3032 1514 3072; x_wconf 73' lang='lat'><strong>0¹</strong></span> <span class='ocrx_word' id='word_1_408' title='bbox 1531 3016 1567 3074; x_wconf 62' lang='lat' dir='ltr'><strong>fis</strong></span> <span class='ocrx_word' id='word_1_409' title='bbox 1583 3021 1632 3093; x_wconf 92' lang='lat' dir='ltr'><strong>qui</strong></span> <span class='ocrx_word' id='word_1_410' title='bbox 1648 3039 1752 3080; x_wconf 72' lang='lat'><strong>³⁵⁰⁰¹¹⁴</strong></span> 
     </span>
     <span class='ocr_line' id='line_1_44' title="bbox 56 3089 1752 3182; baseline 0.037 -72"><span class='ocrx_word' id='word_1_411' title='bbox 56 3099 137 3156; x_wconf 57' lang='lat' dir='ltr'>laudes</span> <span class='ocrx_word' id='word_1_412' title='bbox 161 3101 246 3158; x_wconf 56' lang='lat' dir='ltr'><strong>turba</strong></span> <span class='ocrx_word' id='word_1_413' title='bbox 277 3099 410 3156; x_wconf 52' lang='lat' dir='ltr'>dicebat:</span> <span class='ocrx_word' id='word_1_414' title='bbox 442 3099 598 3166; x_wconf 56' lang='lat' dir='ltr'>«Osanna,</span> <span class='ocrx_word' id='word_1_415' title='bbox 624 3097 796 3154; x_wconf 51' lang='lat' dir='ltr'><strong>benedictus</strong></span> <span class='ocrx_word' id='word_1_416' title='bbox 817 3099 867 3171; x_wconf 70' lang='lat' dir='ltr'><strong>qur</strong></span> <span class='ocrx_word' id='word_1_417' title='bbox 925 3111 938 3140; x_wconf 89' lang='lat'>«</span> <span class='ocrx_word' id='word_1_418' title='bbox 954 3089 1058 3178; x_wconf 82' lang='lat' dir='ltr'><strong>derant</strong></span> <span class='ocrx_word' id='word_1_419' title='bbox 1073 3095 1105 3147; x_wconf 91' lang='lat' dir='ltr'><strong>ut</strong></span> <span class='ocrx_word' id='word_1_420' title='bbox 1120 3094 1276 3153; x_wconf 89' lang='lat' dir='ltr'><strong>adorarent</strong></span> <span class='ocrx_word' id='word_1_421' title='bbox 1290 3097 1319 3152; x_wconf 94' lang='lat' dir='ltr'><strong>in</strong></span> <span class='ocrx_word' id='word_1_422' title='bbox 1335 3098 1381 3155; x_wconf 90' lang='lat' dir='ltr'><strong>die</strong></span> <span class='ocrx_word' id='word_1_423' title='bbox 1397 3101 1481 3160; x_wconf 84' lang='lat' dir='ltr'><strong>testo.</strong></span> <span class='ocrx_word' id='word_1_424' title='bbox 1494 3106 1527 3161; x_wconf 92' lang='lat' dir='ltr'><strong>Hi</strong></span> <span class='ocrx_word' id='word_1_425' title='bbox 1539 3123 1607 3182; x_wconf 89' lang='lat' dir='ltr'><strong>ergo</strong></span> <span class='ocrx_word' id='word_1_426' title='bbox 1620 3128 1752 3171; x_wconf 86' lang='lat' dir='ltr'><strong>accesse-</strong></span> 
     </span>
     <span class='ocr_line' id='line_1_45' title="bbox 55 3181 1751 3272; baseline 0.035 -72"><span class='ocrx_word' id='word_1_427' title='bbox 55 3189 116 3247; x_wconf 46' lang='lat' dir='ltr'>venit</span> <span class='ocrx_word' id='word_1_428' title='bbox 127 3192 153 3247; x_wconf 58' lang='lat' dir='ltr'><strong>in</strong></span> <span class='ocrx_word' id='word_1_429' title='bbox 168 3191 293 3248; x_wconf 63' lang='lat' dir='ltr'><strong>nomine</strong></span> <span class='ocrx_word' id='word_1_430' title='bbox 313 3188 429 3246; x_wconf 66' lang='lat' dir='ltr'><strong>Domini</strong></span> <span class='ocrx_word' id='word_1_431' title='bbox 447 3205 496 3244; x_wconf 60' lang='lat' dir='ltr'><strong>,ex</strong></span> <span class='ocrx_word' id='word_1_432' title='bbox 512 3188 608 3245; x_wconf 43' lang='lat' dir='ltr'><strong>Ismel·</strong></span> <span class='ocrx_word' id='word_1_433' title='bbox 623 3211 638 3238; x_wconf 83' lang='lat'><em>„</em></span> <span class='ocrx_word' id='word_1_434' title='bbox 662 3187 754 3251; x_wconf 65' lang='lat' dir='ltr'>Quam</span> <span class='ocrx_word' id='word_1_435' title='bbox 769 3204 868 3243; x_wconf 58' lang='lat' dir='ltr'>vocem</span> <span class='ocrx_word' id='word_1_436' title='bbox 926 3201 939 3230; x_wconf 77' lang='lat' dir='ltr'><strong>a</strong></span> <span class='ocrx_word' id='word_1_437' title='bbox 956 3183 1025 3235; x_wconf 90' lang='lat' dir='ltr'><strong>runt</strong></span> <span class='ocrx_word' id='word_1_438' title='bbox 1035 3181 1070 3236; x_wconf 88' lang='lat' dir='ltr'><strong>od</strong></span> <span class='ocrx_word' id='word_1_439' title='bbox 1090 3181 1268 3256; x_wconf 92' lang='lat' dir='ltr'><strong>Philippum,</strong></span> <span class='ocrx_word' id='word_1_440' title='bbox 1278 3188 1329 3259; x_wconf 89' lang='lat' dir='ltr'><strong>qui</strong></span> <span class='ocrx_word' id='word_1_441' title='bbox 1341 3194 1402 3246; x_wconf 89' lang='lat' dir='ltr'><strong>erat</strong></span> <span class='ocrx_word' id='word_1_442' title='bbox 1417 3209 1434 3248; x_wconf 89' lang='lat' dir='ltr'><strong>a</strong></span> <span class='ocrx_word' id='word_1_443' title='bbox 1447 3194 1603 3254; x_wconf 84' lang='lat' dir='ltr'><strong>Bethsaida</strong></span> <span class='ocrx_word' id='word_1_444' title='bbox 1618 3200 1751 3272; x_wconf 76' lang='lat' dir='ltr'><strong>Galilaeae,</strong></span> 
     </span>
     <span class='ocr_line' id='line_1_46' title="bbox 58 3260 1751 3354; baseline 0.017 -20"><span class='ocrx_word' id='word_1_445' title='bbox 58 3281 145 3338; x_wconf 87' lang='lat' dir='ltr'><strong>nentis</strong></span> <span class='ocrx_word' id='word_1_446' title='bbox 158 3279 323 3337; x_wconf 90' lang='lat' dir='ltr'><strong>invidentia</strong></span> <span class='ocrx_word' id='word_1_447' title='bbox 339 3278 485 3352; x_wconf 89' lang='lat' dir='ltr'><strong>principes</strong></span> <span class='ocrx_word' id='word_1_448' title='bbox 499 3277 667 3334; x_wconf 84' lang='lat' dir='ltr'><strong>ludaeorum</strong></span> <span class='ocrx_word' id='word_1_449' title='bbox 684 3277 793 3350; x_wconf 88' lang='lat' dir='ltr'><strong>perpeti</strong></span> <span class='ocrx_word' id='word_1_450' title='bbox 808 3294 865 3332; x_wconf 90' lang='lat' dir='ltr'><strong>nou</strong></span> <span class='ocrx_word' id='word_1_451' title='bbox 881 3260 903 3329; x_wconf 77' lang='lat' dir='ltr'>C</span> <span class='ocrx_word' id='word_1_452' title='bbox 925 3292 939 3322; x_wconf 76' lang='lat' dir='ltr'><strong>a</strong></span> <span class='ocrx_word' id='word_1_453' title='bbox 955 3273 983 3324; x_wconf 74' lang='grc' dir='ltr'><strong>θῑ</strong></span> <span class='ocrx_word' id='word_1_454' title='bbox 997 3269 1138 3342; x_wconf 81' lang='lat' dir='ltr'><strong>rogabant</strong></span> <span class='ocrx_word' id='word_1_455' title='bbox 1152 3289 1220 3329; x_wconf 58' lang='lat' dir='ltr'><strong>eum</strong></span> <span class='ocrx_word' id='word_1_456' title='bbox 1236 3275 1384 3336; x_wconf 65' lang='grc' dir='ltr'><strong>(Ῑῑθθῐῑῑθθῑ</strong></span> <span class='ocrx_word' id='word_1_457' title='bbox 1407 3279 1540 3354; x_wconf 60' lang='lat' dir='ltr'><strong>lmine,</strong></span> <span class='ocrx_word' id='word_1_458' title='bbox 1554 3287 1690 3346; x_wconf 82' lang='lat' dir='ltr'><strong>volumus</strong></span> <span class='ocrx_word' id='word_1_459' title='bbox 1704 3291 1751 3350; x_wconf 64' lang='lat' dir='ltr'><strong>Je-</strong></span> 
     </span>
     <span class='ocr_line' id='line_1_47' title="bbox 58 3358 1754 3444; baseline 0.034 -64"><span class='ocrx_word' id='word_1_460' title='bbox 58 3373 180 3438; x_wconf 46' lang='lat' dir='ltr'><strong>poterant,</strong></span> <span class='ocrx_word' id='word_1_461' title='bbox 192 3369 315 3444; x_wconf 64' lang='lat' dir='ltr'>quando</span> <span class='ocrx_word' id='word_1_462' title='bbox 325 3384 422 3441; x_wconf 58' lang='lat' dir='ltr'><strong>regem</strong></span> <span class='ocrx_word' id='word_1_463' title='bbox 435 3358 523 3424; x_wconf 60' lang='lat' dir='ltr'>suum</span> <span class='ocrx_word' id='word_1_464' title='bbox 539 3365 687 3423; x_wconf 44' lang='lat' dir='ltr'><strong>emptum</strong></span> <span class='ocrx_word' id='word_1_465' title='bbox 698 3368 780 3422; x_wconf 56' lang='lat' dir='ltr'><strong>tanta</strong></span> <span class='ocrx_word' id='word_1_466' title='bbox 795 3364 869 3421; x_wconf 73' lang='lat' dir='ltr'><strong>mul.</strong></span> <span class='ocrx_word' id='word_1_467' title='bbox 925 3381 938 3410; x_wconf 71' lang='lat' dir='ltr'><strong>a</strong></span> <span class='ocrx_word' id='word_1_468' title='bbox 954 3376 1020 3414; x_wconf 89' lang='lat' dir='ltr'><strong>sum</strong></span> <span class='ocrx_word' id='word_1_469' title='bbox 1035 3358 1143 3416; x_wconf 90' lang='lat' dir='ltr'><strong>videre.</strong></span> <span class='ocrx_word' id='word_1_470' title='bbox 1160 3361 1245 3418; x_wconf 87' lang='lat' dir='ltr'><strong>Venit</strong></span> <span class='ocrx_word' id='word_1_471' title='bbox 1259 3365 1412 3440; x_wconf 89' lang='lat' dir='ltr'><strong>Philippus</strong></span> <span class='ocrx_word' id='word_1_472' title='bbox 1427 3373 1456 3426; x_wconf 88' lang='lat' dir='ltr'><strong>et</strong></span> <span class='ocrx_word' id='word_1_473' title='bbox 1471 3372 1542 3429; x_wconf 89' lang='lat' dir='ltr'><strong>dicit</strong></span> <span class='ocrx_word' id='word_1_474' title='bbox 1551 3376 1681 3436; x_wconf 85' lang='lat' dir='ltr'><strong>Andreae.</strong></span> <span class='ocrx_word' id='word_1_475' title='bbox 1698 3383 1754 3438; x_wconf 85' lang='lat' dir='ltr'><strong>An·</strong></span> 
     </span>
     <span class='ocr_line' id='line_1_48' title="bbox 58 3447 1752 3531; baseline 0.021 -22"><span class='ocrx_word' id='word_1_476' title='bbox 58 3458 134 3515; x_wconf 90' lang='lat' dir='ltr'><strong>titudo</strong></span> <span class='ocrx_word' id='word_1_477' title='bbox 148 3459 304 3516; x_wconf 87' lang='lat' dir='ltr'><strong>clamabat.</strong></span> <span class='ocrx_word' id='word_1_478' title='bbox 323 3457 379 3514; x_wconf 86' lang='lat' dir='ltr'><strong>Sed</strong></span> <span class='ocrx_word' id='word_1_479' title='bbox 393 3457 463 3531; x_wconf 90' lang='lat' dir='ltr'><strong>quid</strong></span> <span class='ocrx_word' id='word_1_480' title='bbox 477 3455 531 3512; x_wconf 91' lang='lat' dir='ltr'><strong>luit</strong></span> <span class='ocrx_word' id='word_1_481' title='bbox 542 3455 677 3524; x_wconf 91' lang='lat' dir='ltr'><strong>Domino,</strong></span> <span class='ocrx_word' id='word_1_482' title='bbox 695 3471 793 3529; x_wconf 90' lang='lat' dir='ltr'><strong>regem</strong></span> <span class='ocrx_word' id='word_1_483' title='bbox 804 3471 868 3512; x_wconf 89' lang='lat' dir='ltr'><strong>esse</strong></span> <span class='ocrx_word' id='word_1_484' title='bbox 923 3471 937 3498; x_wconf 62' lang='lat' dir='ltr'><strong>(a</strong></span> <span class='ocrx_word' id='word_1_485' title='bbox 954 3447 1038 3504; x_wconf 68' lang='lat' dir='ltr'><strong>drfflfl</strong></span> <span class='ocrx_word' id='word_1_486' title='bbox 1064 3467 1194 3518; x_wconf 59' lang='lat' dir='ltr'><strong>summi</strong></span> <span class='ocrx_word' id='word_1_487' title='bbox 1210 3453 1655 3530; x_wconf 59' lang='lat' dir='ltr'><strong>etPhilippusDicebant13⁸⁰·</strong></span> <span class='ocrx_word' id='word_1_488' title='bbox 1673 3491 1688 3520; x_wconf 76' lang='lat'><strong>’³</strong></span> <span class='ocrx_word' id='word_1_489' title='bbox 1703 3470 1752 3525; x_wconf 70' lang='lat' dir='ltr'><strong>Vi·</strong></span> 
     </span>
     <span class='ocr_line' id='line_1_49' title="bbox 59 3537 1753 3624; baseline 0.032 -61"><span class='ocrx_word' id='word_1_490' title='bbox 59 3543 147 3604; x_wconf 49' lang='lat' dir='ltr'><strong>lsrael?</strong></span> <span class='ocrx_word' id='word_1_491' title='bbox 160 3549 228 3622; x_wconf 64' lang='lat' dir='ltr'>quid</span> <span class='ocrx_word' id='word_1_492' title='bbox 241 3563 387 3620; x_wconf 57' lang='lat' dir='ltr'><strong>magnum</strong></span> <span class='ocrx_word' id='word_1_493' title='bbox 400 3545 464 3612; x_wconf 52' lang='lat' dir='ltr'><strong>suit,</strong></span> <span class='ocrx_word' id='word_1_494' title='bbox 476 3561 573 3618; x_wconf 63' lang='lat' dir='ltr'><strong>,egem</strong></span> <span class='ocrx_word' id='word_1_495' title='bbox 586 3544 759 3600; x_wconf 57' lang='lat' dir='ltr'><strong>murorum</strong></span> <span class='ocrx_word' id='word_1_496' title='bbox 770 3559 868 3618; x_wconf 65' lang='lat' dir='ltr'><strong>regem</strong></span> <span class='ocrx_word' id='word_1_497' title='bbox 922 3537 1046 3594; x_wconf 89' lang='lat' dir='ltr'><strong>dcamus</strong></span> <span class='ocrx_word' id='word_1_498' title='bbox 1061 3539 1130 3612; x_wconf 93' lang='lat' dir='ltr'><strong>quid</strong></span> <span class='ocrx_word' id='word_1_499' title='bbox 1141 3539 1284 3600; x_wconf 92' lang='lat' dir='ltr'><strong>Dominus</strong></span> <span class='ocrx_word' id='word_1_500' title='bbox 1296 3545 1332 3602; x_wconf 92' lang='lat' dir='ltr'><strong>ad</strong></span> <span class='ocrx_word' id='word_1_501' title='bbox 1344 3545 1401 3602; x_wconf 89' lang='lat' dir='ltr'><strong>ista</strong></span> <span class='ocrx_word' id='word_1_502' title='bbox 1413 3553 1604 3624; x_wconf 87' lang='lat' dir='ltr'><strong>responderit.</strong></span> <span class='ocrx_word' id='word_1_503' title='bbox 1620 3556 1691 3614; x_wconf 79' lang='lat' dir='ltr'><strong>Dece</strong></span> <span class='ocrx_word' id='word_1_504' title='bbox 1700 3577 1753 3617; x_wconf 87' lang='lat' dir='ltr'><strong>vc·</strong></span> 
     </span>
     <span class='ocr_line' id='line_1_50' title="bbox 58 3627 1752 3712; baseline 0.012 -26"><span class='ocrx_word' id='word_1_505' title='bbox 58 3634 106 3689; x_wconf 85' lang='lat' dir='ltr'><strong>teri</strong></span> <span class='ocrx_word' id='word_1_506' title='bbox 123 3636 302 3694; x_wconf 79' lang='lat' dir='ltr'><strong>hominum?</strong></span> <span class='ocrx_word' id='word_1_507' title='bbox 326 3635 388 3692; x_wconf 92' lang='lat' dir='ltr'><strong>Nou</strong></span> <span class='ocrx_word' id='word_1_508' title='bbox 403 3634 481 3691; x_wconf 91' lang='lat' dir='ltr'><strong>euim</strong></span> <span class='ocrx_word' id='word_1_509' title='bbox 497 3651 547 3690; x_wconf 83' lang='lat' dir='ltr'><strong>rex</strong></span> <span class='ocrx_word' id='word_1_510' title='bbox 565 3632 654 3690; x_wconf 89' lang='lat' dir='ltr'><strong>lsrael</strong></span> <span class='ocrx_word' id='word_1_511' title='bbox 671 3633 815 3700; x_wconf 64' lang='lat' dir='ltr'><strong>Christus</strong></span> <span class='ocrx_word' id='word_1_512' title='bbox 831 3633 867 3689; x_wconf 84' lang='lat' dir='ltr'><strong>ad</strong></span> <span class='ocrx_word' id='word_1_513' title='bbox 923 3627 1041 3683; x_wconf 91' lang='lat' dir='ltr'><strong>luerunt</strong></span> <span class='ocrx_word' id='word_1_514' title='bbox 1056 3645 1124 3684; x_wconf 91' lang='lat' dir='ltr'><strong>eum</strong></span> <span class='ocrx_word' id='word_1_515' title='bbox 1149 3631 1241 3688; x_wconf 79' lang='lat' dir='ltr'><strong>rudet</strong></span> <span class='ocrx_word' id='word_1_516' title='bbox 1256 3633 1398 3706; x_wconf 87' lang='lat' dir='ltr'><strong>occidere,</strong></span> <span class='ocrx_word' id='word_1_517' title='bbox 1413 3641 1537 3712; x_wconf 84' lang='lat' dir='ltr'><strong>gentiles</strong></span> <span class='ocrx_word' id='word_1_518' title='bbox 1561 3644 1668 3702; x_wconf 91' lang='lat' dir='ltr'><strong>videre.</strong></span> <span class='ocrx_word' id='word_1_519' title='bbox 1697 3649 1752 3706; x_wconf 86' lang='lat' dir='ltr'><strong>Sed</strong></span> 
     </span>
     <span class='ocr_line' id='line_1_51' title="bbox 57 3715 1753 3799; baseline 0.017 -33"><span class='ocrx_word' id='word_1_520' title='bbox 57 3723 208 3794; x_wconf 63' lang='lat' dir='ltr'><strong>exigendum</strong></span> <span class='ocrx_word' id='word_1_521' title='bbox 221 3726 382 3792; x_wconf 73' lang='lat' dir='ltr'><strong>tributum,</strong></span> <span class='ocrx_word' id='word_1_522' title='bbox 398 3722 442 3779; x_wconf 91' lang='lat' dir='ltr'><strong>vel</strong></span> <span class='ocrx_word' id='word_1_523' title='bbox 456 3723 530 3779; x_wconf 85' lang='lat' dir='ltr'><strong>terro</strong></span> <span class='ocrx_word' id='word_1_524' title='bbox 544 3723 704 3778; x_wconf 88' lang='lat' dir='ltr'><strong>exercitum</strong></span> <span class='ocrx_word' id='word_1_525' title='bbox 716 3722 867 3788; x_wconf 88' lang='lat' dir='ltr'><strong>armando,</strong></span> <span class='ocrx_word' id='word_1_526' title='bbox 923 3715 1012 3772; x_wconf 90' lang='lat' dir='ltr'><strong>etiam</strong></span> <span class='ocrx_word' id='word_1_527' title='bbox 1023 3717 1065 3772; x_wconf 89' lang='lat' dir='ltr'><strong>illi</strong></span> <span class='ocrx_word' id='word_1_528' title='bbox 1087 3735 1121 3774; x_wconf 86' lang='lat' dir='ltr'><strong>ex</strong></span> <span class='ocrx_word' id='word_1_529' title='bbox 1135 3719 1242 3777; x_wconf 79' lang='lat' dir='ltr'><strong>ludaeis</strong></span> <span class='ocrx_word' id='word_1_530' title='bbox 1257 3729 1349 3794; x_wconf 89' lang='lat' dir='ltr'><strong>erant,</strong></span> <span class='ocrx_word' id='word_1_531' title='bbox 1367 3726 1417 3799; x_wconf 91' lang='lat' dir='ltr'><strong>qui</strong></span> <span class='ocrx_word' id='word_1_532' title='bbox 1432 3727 1616 3790; x_wconf 88' lang='lat' dir='ltr'><strong>clamabant:</strong></span> <span class='ocrx_word' id='word_1_533' title='bbox 1636 3757 1650 3784; x_wconf 78' lang='lat' dir='ltr'><strong>u</strong></span> <span class='ocrx_word' id='word_1_534' title='bbox 1666 3737 1753 3794; x_wconf 90' lang='lat' dir='ltr'><strong>Bene·</strong></span> 
     </span>
     <span class='ocr_line' id='line_1_52' title="bbox 58 3805 1751 3896; baseline 0.011 -30"><span class='ocrx_word' id='word_1_535' title='bbox 58 3808 191 3887; x_wconf 83' lang='lat' dir='ltr'><strong>hostesque</strong></span> <span class='ocrx_word' id='word_1_536' title='bbox 206 3811 400 3871; x_wconf 89' lang='lat' dir='ltr'><strong>debellando:</strong></span> <span class='ocrx_word' id='word_1_537' title='bbox 418 3812 467 3869; x_wconf 86' lang='lat' dir='ltr'><strong>sed</strong></span> <span class='ocrx_word' id='word_1_538' title='bbox 484 3829 533 3869; x_wconf 82' lang='lat' dir='ltr'><strong>rex</strong></span> <span class='ocrx_word' id='word_1_539' title='bbox 553 3811 651 3878; x_wconf 90' lang='lat' dir='ltr'><strong>lsrael,</strong></span> <span class='ocrx_word' id='word_1_540' title='bbox 670 3812 719 3886; x_wconf 91' lang='lat' dir='ltr'><strong>qui</strong></span> <span class='ocrx_word' id='word_1_541' title='bbox 740 3815 868 3868; x_wconf 86' lang='lat' dir='ltr'><strong>mentem</strong></span> <span class='ocrx_word' id='word_1_542' title='bbox 923 3805 1019 3862; x_wconf 86' lang='lat' dir='ltr'><strong>dietus</strong></span> <span class='ocrx_word' id='word_1_543' title='bbox 1042 3808 1092 3881; x_wconf 89' lang='lat' dir='ltr'><strong>qui</strong></span> <span class='ocrx_word' id='word_1_544' title='bbox 1105 3809 1186 3896; x_wconf 71' lang='lat' dir='ltr'><strong>veuit</strong></span> <span class='ocrx_word' id='word_1_545' title='bbox 1200 3810 1229 3866; x_wconf 91' lang='lat' dir='ltr'><strong>iu</strong></span> <span class='ocrx_word' id='word_1_546' title='bbox 1259 3815 1378 3871; x_wconf 88' lang='lat' dir='ltr'><strong>nomine</strong></span> <span class='ocrx_word' id='word_1_547' title='bbox 1393 3818 1521 3892; x_wconf 89' lang='lat' dir='ltr'><strong>Domini,</strong></span> <span class='ocrx_word' id='word_1_548' title='bbox 1548 3839 1598 3879; x_wconf 84' lang='lat' dir='ltr'><strong>rex</strong></span> <span class='ocrx_word' id='word_1_549' title='bbox 1621 3824 1751 3884; x_wconf 84' lang='lat' dir='ltr'><strong>lsrael.»</strong></span> 
     </span>
     <span class='ocr_line' id='line_1_53' title="bbox 58 3895 1753 3985; baseline 0.035 -71"><span class='ocrx_word' id='word_1_550' title='bbox 58 3905 130 3972; x_wconf 32' lang='lat' dir='ltr'><strong>regat*</strong></span> <span class='ocrx_word' id='word_1_551' title='bbox 146 3905 193 3975; x_wconf 68' lang='lat' dir='ltr'><strong>qui</strong></span> <span class='ocrx_word' id='word_1_552' title='bbox 210 3903 241 3960; x_wconf 65' lang='lat' dir='ltr'><strong>in</strong></span> <span class='ocrx_word' id='word_1_553' title='bbox 257 3907 404 3959; x_wconf 43' lang='lat' dir='ltr'><strong>nemum</strong></span> <span class='ocrx_word' id='word_1_554' title='bbox 416 3900 562 3970; x_wconf 51' lang='lat' dir='ltr'><strong>oonsulap,</strong></span> <span class='ocrx_word' id='word_1_555' title='bbox 576 3901 625 3974; x_wconf 65' lang='lat' dir='ltr'><strong>qui</strong></span> <span class='ocrx_word' id='word_1_556' title='bbox 637 3901 667 3957; x_wconf 68' lang='lat' dir='ltr'><strong>in</strong></span> <span class='ocrx_word' id='word_1_557' title='bbox 681 3917 804 3974; x_wconf 65' lang='lat' dir='ltr'><strong>,egnum</strong></span> <span class='ocrx_word' id='word_1_558' title='bbox 815 3917 869 3956; x_wconf 66' lang='lat' dir='ltr'><strong>cm.</strong></span> <span class='ocrx_word' id='word_1_559' title='bbox 922 3896 1004 3964; x_wconf 79' lang='lat' dir='ltr'><strong>Dece,</strong></span> <span class='ocrx_word' id='word_1_560' title='bbox 1022 3895 1064 3951; x_wconf 91' lang='lat' dir='ltr'><strong>illi</strong></span> <span class='ocrx_word' id='word_1_561' title='bbox 1080 3913 1114 3954; x_wconf 83' lang='lat' dir='ltr'><strong>ex</strong></span> <span class='ocrx_word' id='word_1_562' title='bbox 1135 3899 1368 3976; x_wconf 88' lang='lat' dir='ltr'><strong>circumcisione,</strong></span> <span class='ocrx_word' id='word_1_563' title='bbox 1390 3906 1432 3962; x_wconf 93' lang='lat' dir='ltr'><strong>illi</strong></span> <span class='ocrx_word' id='word_1_564' title='bbox 1450 3923 1483 3963; x_wconf 84' lang='lat' dir='ltr'><strong>ex</strong></span> <span class='ocrx_word' id='word_1_565' title='bbox 1499 3913 1650 3985; x_wconf 76' lang='lat' dir='ltr'><strong>preputio,</strong></span> <span class='ocrx_word' id='word_1_566' title='bbox 1674 3915 1753 3974; x_wconf 89' lang='lat' dir='ltr'><strong>velut</strong></span> 
     </span>
     <span class='ocr_line' id='line_1_54' title="bbox 58 3984 1754 4064; baseline 0.014 -27"><span class='ocrx_word' id='word_1_567' title='bbox 58 3984 132 4046; x_wconf 78' lang='lat' dir='ltr'><strong>lorum</strong></span> <span class='ocrx_word' id='word_1_568' title='bbox 147 3993 312 4054; x_wconf 65' lang='lat' dir='ltr'><strong>eportantes,</strong></span> <span class='ocrx_word' id='word_1_569' title='bbox 330 3995 494 4064; x_wconf 86' lang='lat' dir='ltr'><strong>sperantes,</strong></span> <span class='ocrx_word' id='word_1_570' title='bbox 511 3995 702 4064; x_wconf 89' lang='lat' dir='ltr'><strong>amantesque</strong></span> <span class='ocrx_word' id='word_1_571' title='bbox 717 3990 867 4062; x_wconf 89' lang='lat' dir='ltr'><strong>perducat.</strong></span> <span class='ocrx_word' id='word_1_572' title='bbox 921 3985 1048 4056; x_wconf 86' lang='lat' dir='ltr'><strong>parietes</strong></span> <span class='ocrx_word' id='word_1_573' title='bbox 1058 3986 1215 4046; x_wconf 87' lang='lat' dir='ltr'><strong>dediverso</strong></span> <span class='ocrx_word' id='word_1_574' title='bbox 1226 3991 1382 4062; x_wconf 89' lang='lat' dir='ltr'><strong>venientes,</strong></span> <span class='ocrx_word' id='word_1_575' title='bbox 1392 4000 1420 4050; x_wconf 89' lang='lat' dir='ltr'><strong>et</strong></span> <span class='ocrx_word' id='word_1_576' title='bbox 1431 3996 1461 4052; x_wconf 91' lang='lat' dir='ltr'><strong>in</strong></span> <span class='ocrx_word' id='word_1_577' title='bbox 1474 4015 1562 4054; x_wconf 87' lang='lat' dir='ltr'><strong>uuam</strong></span> <span class='ocrx_word' id='word_1_578' title='bbox 1573 4001 1661 4059; x_wconf 86' lang='lat' dir='ltr'><strong>fidem</strong></span> <span class='ocrx_word' id='word_1_579' title='bbox 1672 4003 1754 4062; x_wconf 86' lang='lat' dir='ltr'><strong>Chri-</strong></span> 
     </span>
     <span class='ocr_line' id='line_1_55' title="bbox 58 4072 1751 4164; baseline 0.034 -70"><span class='ocrx_word' id='word_1_580' title='bbox 58 4073 96 4130; x_wconf 55' lang='lat' dir='ltr'><strong>Dei</strong></span> <span class='ocrx_word' id='word_1_581' title='bbox 107 4095 168 4154; x_wconf 55' lang='lat' dir='ltr'><strong>ergo</strong></span> <span class='ocrx_word' id='word_1_582' title='bbox 183 4081 289 4151; x_wconf 43' lang='lat' dir='ltr'>Filius,</span> <span class='ocrx_word' id='word_1_583' title='bbox 305 4077 427 4154; x_wconf 50' lang='lat' dir='ltr'>&amp;qualis</span> <span class='ocrx_word' id='word_1_584' title='bbox 441 4079 529 4148; x_wconf 48' lang='lat' dir='ltr'><strong>patri,</strong></span> <span class='ocrx_word' id='word_1_585' title='bbox 540 4078 668 4135; x_wconf 60' lang='lat' dir='ltr'><strong>Verbum</strong></span> <span class='ocrx_word' id='word_1_586' title='bbox 679 4079 818 4152; x_wconf 57' lang='lat' dir='ltr'><strong>perquod</strong></span> <span class='ocrx_word' id='word_1_587' title='bbox 829 4077 869 4135; x_wconf 66' lang='lat' dir='ltr'><strong>sa.</strong></span> <span class='ocrx_word' id='word_1_588' title='bbox 922 4074 960 4130; x_wconf 89' lang='lat' dir='ltr'><strong>sti</strong></span> <span class='ocrx_word' id='word_1_589' title='bbox 975 4072 1056 4148; x_wconf 87' lang='lat' dir='ltr'><strong>pacis</strong></span> <span class='ocrx_word' id='word_1_590' title='bbox 1069 4075 1171 4133; x_wconf 88' lang='lat' dir='ltr'><strong>esculo</strong></span> <span class='ocrx_word' id='word_1_591' title='bbox 1186 4085 1401 4140; x_wconf 90' lang='lat' dir='ltr'><strong>concurrentes.</strong></span> <span class='ocrx_word' id='word_1_592' title='bbox 1419 4087 1582 4146; x_wconf 85' lang='lat' dir='ltr'><strong>Audiamus</strong></span> <span class='ocrx_word' id='word_1_593' title='bbox 1597 4089 1689 4164; x_wconf 88' lang='lat' dir='ltr'><strong>igitur</strong></span> <span class='ocrx_word' id='word_1_594' title='bbox 1702 4110 1751 4150; x_wconf 87' lang='lat' dir='ltr'><strong>vo·</strong></span> 
     </span>
     <span class='ocr_line' id='line_1_56' title="bbox 58 4163 1281 4242; baseline 0.022 -26"><span class='ocrx_word' id='word_1_595' title='bbox 58 4169 283 4240; x_wconf 71' lang='lat' dir='ltr'><strong>carantomnta,</strong></span> <span class='ocrx_word' id='word_1_596' title='bbox 297 4169 375 4242; x_wconf 91' lang='lat' dir='ltr'><strong>quod</strong></span> <span class='ocrx_word' id='word_1_597' title='bbox 390 4167 613 4226; x_wconf 82' lang='lat' dir='ltr'><strong>rexessevoluit</strong></span> <span class='ocrx_word' id='word_1_598' title='bbox 625 4167 723 4236; x_wconf 88' lang='lat' dir='ltr'><strong>lsrael,</strong></span> <span class='ocrx_word' id='word_1_599' title='bbox 738 4167 867 4241; x_wconf 83' lang='lat' dir='ltr'><strong>dignatio</strong></span> <span class='ocrx_word' id='word_1_600' title='bbox 922 4180 985 4220; x_wconf 86' lang='lat' dir='ltr'><strong>cem</strong></span> <span class='ocrx_word' id='word_1_601' title='bbox 1000 4163 1106 4236; x_wconf 71' lang='lat' dir='ltr'><strong>lapidis</strong></span> <span class='ocrx_word' id='word_1_602' title='bbox 1120 4166 1281 4239; x_wconf 51' lang='lat' dir='ltr'><strong>angustiis·</strong></span> 
     </span>
     <span class='ocr_line' id='line_1_57' title="bbox 58 4253 1749 4336; baseline 0.022 -31"><span class='ocrx_word' id='word_1_603' title='bbox 58 4257 98 4322; x_wconf 86' lang='lat' dir='ltr'><strong>est,</strong></span> <span class='ocrx_word' id='word_1_604' title='bbox 118 4257 867 4333; x_wconf 87' lang='lat' dir='ltr'><strong>conpromotio:miserationisindiciumest‚non</strong></span> <span class='ocrx_word' id='word_1_605' title='bbox 957 4253 1075 4310; x_wconf 76' lang='lat' dir='ltr'><strong>«Jesus</strong></span> <span class='ocrx_word' id='word_1_606' title='bbox 1100 4259 1208 4326; x_wconf 55' lang='lat' dir='ltr'><strong>&amp;Ultima</strong></span> <span class='ocrx_word' id='word_1_607' title='bbox 1241 4257 1346 4331; x_wconf 66' lang='lat' dir='ltr'><strong>inquii,</strong></span> <span class='ocrx_word' id='word_1_608' title='bbox 1377 4265 1749 4336; x_wconf 62' lang='lat' dir='ltr'><strong>r0³P⁰11ditssi³2d¹⁰0¹¹⁵²</strong></span> 
     </span>
     <span class='ocr_line' id='line_1_58' title="bbox 56 4343 1751 4424; baseline 0.031 -60"><span class='ocrx_word' id='word_1_609' title='bbox 56 4347 187 4411; x_wconf 48' lang='lat' dir='ltr'><strong>pompis</strong></span> <span class='ocrx_word' id='word_1_610' title='bbox 201 4352 412 4424; x_wconf 45' lang='lat' dir='ltr'><strong>augmentum·</strong></span> <span class='ocrx_word' id='word_1_611' title='bbox 426 4348 480 4416; x_wconf 68' lang='lat' dir='ltr'><strong>Qui</strong></span> <span class='ocrx_word' id='word_1_612' title='bbox 492 4346 570 4404; x_wconf 58' lang='lat' dir='ltr'><strong>enim</strong></span> <span class='ocrx_word' id='word_1_613' title='bbox 586 4345 749 4422; x_wconf 51' lang='lat' dir='ltr'><strong>appellatus</strong></span> <span class='ocrx_word' id='word_1_614' title='bbox 764 4351 868 4404; x_wconf 65' lang='lat' dir='ltr'><strong>estrex</strong></span> <span class='ocrx_word' id='word_1_615' title='bbox 922 4366 936 4394; x_wconf 77' lang='lat' dir='ltr'><strong>a</strong></span> <span class='ocrx_word' id='word_1_616' title='bbox 953 4343 1038 4399; x_wconf 78' lang='lat' dir='ltr'><strong>Venit</strong></span> <span class='ocrx_word' id='word_1_617' title='bbox 1052 4344 1124 4400; x_wconf 89' lang='lat' dir='ltr'><strong>hora</strong></span> <span class='ocrx_word' id='word_1_618' title='bbox 1140 4348 1172 4400; x_wconf 92' lang='lat' dir='ltr'><strong>ut</strong></span> <span class='ocrx_word' id='word_1_619' title='bbox 1186 4344 1362 4406; x_wconf 82' lang='lat' dir='ltr'><strong>clarificetur</strong></span> <span class='ocrx_word' id='word_1_620' title='bbox 1386 4349 1477 4408; x_wconf 83' lang='lat' dir='ltr'><strong>Filius</strong></span> <span class='ocrx_word' id='word_1_621' title='bbox 1502 4353 1641 4412; x_wconf 91' lang='lat' dir='ltr'><strong>hominis.</strong></span> <span class='ocrx_word' id='word_1_622' title='bbox 1659 4379 1674 4406; x_wconf 79' lang='lat' dir='ltr'><strong>u</strong></span> <span class='ocrx_word' id='word_1_623' title='bbox 1697 4357 1751 4416; x_wconf 85' lang='lat' dir='ltr'><strong>Hic</strong></span> 
     </span>
     <span class='ocr_line' id='line_1_59' title="bbox 57 4428 1750 4518; baseline 0.009 -29"><span class='ocrx_word' id='word_1_624' title='bbox 57 4428 212 4508; x_wconf 77' lang='lat' dir='ltr'><strong>ludaeorum,</strong></span> <span class='ocrx_word' id='word_1_625' title='bbox 229 4439 260 4495; x_wconf 92' lang='lat' dir='ltr'><strong>in</strong></span> <span class='ocrx_word' id='word_1_626' title='bbox 278 4439 362 4495; x_wconf 81' lang='lat' dir='ltr'><strong>erclis</strong></span> <span class='ocrx_word' id='word_1_627' title='bbox 377 4440 423 4494; x_wconf 91' lang='lat' dir='ltr'><strong>est</strong></span> <span class='ocrx_word' id='word_1_628' title='bbox 436 4437 577 4496; x_wconf 87' lang='lat' dir='ltr'><strong>Dominus</strong></span> <span class='ocrx_word' id='word_1_629' title='bbox 591 4437 771 4512; x_wconf 89' lang='lat' dir='ltr'><strong>angelorum.</strong></span> <span class='ocrx_word' id='word_1_630' title='bbox 922 4433 1079 4506; x_wconf 87' lang='lat' dir='ltr'><strong>quisquam</strong></span> <span class='ocrx_word' id='word_1_631' title='bbox 1090 4433 1212 4492; x_wconf 84' lang='lat' dir='ltr'><strong>forsitan</strong></span> <span class='ocrx_word' id='word_1_632' title='bbox 1223 4439 1308 4508; x_wconf 89' lang='lat' dir='ltr'><strong>putat</strong></span> <span class='ocrx_word' id='word_1_633' title='bbox 1319 4437 1383 4496; x_wconf 92' lang='lat' dir='ltr'><strong>ideo</strong></span> <span class='ocrx_word' id='word_1_634' title='bbox 1393 4455 1424 4496; x_wconf 89' lang='lat' dir='ltr'><strong>se</strong></span> <span class='ocrx_word' id='word_1_635' title='bbox 1435 4441 1544 4500; x_wconf 86' lang='lat' dir='ltr'><strong>dixisse</strong></span> <span class='ocrx_word' id='word_1_636' title='bbox 1554 4443 1750 4518; x_wconf 80' lang='lat' dir='ltr'><strong>glorificatum</strong></span> 
     </span>
     <span class='ocr_line' id='line_1_60' title="bbox 83 4522 1750 4604; baseline 0.017 -39"><span class='ocrx_word' id='word_1_637' title='bbox 83 4547 93 4570; x_wconf 80' lang='grc'><strong>..</strong></span> <span class='ocrx_word' id='word_1_638' title='bbox 107 4525 137 4582; x_wconf 66' lang='lat' dir='ltr'><strong>gt</strong></span> <span class='ocrx_word' id='word_1_639' title='bbox 149 4526 261 4586; x_wconf 61' lang='lat' dir='ltr'><strong>invenit</strong></span> <span class='ocrx_word' id='word_1_640' title='bbox 275 4529 364 4586; x_wconf 67' lang='lat' dir='ltr'><strong>,iesus</strong></span> <span class='ocrx_word' id='word_1_641' title='bbox 382 4525 516 4596; x_wconf 70' lang='lat' dir='ltr'><strong>asellum,</strong></span> <span class='ocrx_word' id='word_1_642' title='bbox 533 4531 562 4584; x_wconf 91' lang='lat' dir='ltr'><strong>et</strong></span> <span class='ocrx_word' id='word_1_643' title='bbox 576 4527 652 4584; x_wconf 92' lang='lat' dir='ltr'><strong>sedit</strong></span> <span class='ocrx_word' id='word_1_644' title='bbox 667 4543 755 4600; x_wconf 91' lang='lat' dir='ltr'><strong>super</strong></span> <span class='ocrx_word' id='word_1_645' title='bbox 769 4543 867 4582; x_wconf 85' lang='lat' dir='ltr'><strong>eum.»</strong></span> <span class='ocrx_word' id='word_1_646' title='bbox 922 4523 991 4595; x_wconf 88' lang='lat' dir='ltr'><strong>quia</strong></span> <span class='ocrx_word' id='word_1_647' title='bbox 1006 4522 1129 4597; x_wconf 85' lang='lat' dir='ltr'><strong>gentiles</strong></span> <span class='ocrx_word' id='word_1_648' title='bbox 1144 4541 1212 4581; x_wconf 91' lang='lat' dir='ltr'><strong>eum</strong></span> <span class='ocrx_word' id='word_1_649' title='bbox 1222 4525 1359 4584; x_wconf 88' lang='lat' dir='ltr'><strong>volebant</strong></span> <span class='ocrx_word' id='word_1_650' title='bbox 1372 4528 1479 4588; x_wconf 91' lang='lat' dir='ltr'><strong>videre.</strong></span> <span class='ocrx_word' id='word_1_651' title='bbox 1492 4533 1555 4588; x_wconf 88' lang='lat' dir='ltr'><strong>Non</strong></span> <span class='ocrx_word' id='word_1_652' title='bbox 1571 4534 1613 4591; x_wconf 90' lang='lat' dir='ltr'><strong>ita</strong></span> <span class='ocrx_word' id='word_1_653' title='bbox 1628 4539 1682 4604; x_wconf 88' lang='lat' dir='ltr'><strong>eat,</strong></span> <span class='ocrx_word' id='word_1_654' title='bbox 1700 4537 1750 4592; x_wconf 88' lang='lat' dir='ltr'><strong>sed</strong></span> 
     </span>
     <span class='ocr_line' id='line_1_61' title="bbox 57 4607 1750 4704; baseline 0.017 -51"><span class='ocrx_word' id='word_1_655' title='bbox 57 4607 96 4665; x_wconf 66' lang='lat' dir='ltr'><strong>llic</strong></span> <span class='ocrx_word' id='word_1_656' title='bbox 109 4613 226 4674; x_wconf 57' lang='lat' dir='ltr'><strong>amarer</strong></span> <span class='ocrx_word' id='word_1_657' title='bbox 241 4619 358 4674; x_wconf 62' lang='lat' dir='ltr'><strong>dictum</strong></span> <span class='ocrx_word' id='word_1_658' title='bbox 374 4619 428 4674; x_wconf 73' lang='lat' dir='ltr'><strong>est.</strong></span> <span class='ocrx_word' id='word_1_659' title='bbox 452 4616 525 4674; x_wconf 84' lang='lat' dir='ltr'><strong>Nam</strong></span> <span class='ocrx_word' id='word_1_660' title='bbox 555 4616 807 4690; x_wconf 84' lang='lat' dir='ltr'><strong>quemadmodum</strong></span> <span class='ocrx_word' id='word_1_661' title='bbox 829 4615 868 4672; x_wconf 89' lang='lat' dir='ltr'><strong>sit</strong></span> <span class='ocrx_word' id='word_1_662' title='bbox 881 4637 906 4704; x_wconf 75' lang='lat' dir='ltr'>D</span> <span class='ocrx_word' id='word_1_663' title='bbox 920 4613 1038 4670; x_wconf 80' lang='lat' dir='ltr'><strong>ridebat</strong></span> <span class='ocrx_word' id='word_1_664' title='bbox 1052 4614 1131 4688; x_wconf 87' lang='lat' dir='ltr'><strong>ipsos</strong></span> <span class='ocrx_word' id='word_1_665' title='bbox 1155 4615 1278 4689; x_wconf 85' lang='lat' dir='ltr'><strong>gentiles</strong></span> <span class='ocrx_word' id='word_1_666' title='bbox 1298 4621 1365 4690; x_wconf 89' lang='lat' dir='ltr'><strong>posi</strong></span> <span class='ocrx_word' id='word_1_667' title='bbox 1378 4619 1546 4690; x_wconf 87' lang='lat' dir='ltr'><strong>passionem</strong></span> <span class='ocrx_word' id='word_1_668' title='bbox 1571 4625 1600 4678; x_wconf 88' lang='lat' dir='ltr'><strong>et</strong></span> <span class='ocrx_word' id='word_1_669' title='bbox 1621 4639 1750 4680; x_wconf 87' lang='lat' dir='ltr'><strong>resurre-</strong></span> 
     </span>
     <span class='ocr_line' id='line_1_62' title="bbox 57 4695 1749 4782; baseline 0.019 -32"><span class='ocrx_word' id='word_1_670' title='bbox 57 4695 156 4774; x_wconf 85' lang='lat' dir='ltr'><strong>laetum,</strong></span> <span class='ocrx_word' id='word_1_671' title='bbox 171 4708 249 4780; x_wconf 86' lang='lat' dir='ltr'><strong>apud</strong></span> <span class='ocrx_word' id='word_1_672' title='bbox 267 4705 343 4762; x_wconf 88' lang='lat' dir='ltr'><strong>alios</strong></span> <span class='ocrx_word' id='word_1_673' title='bbox 358 4703 551 4779; x_wconf 86' lang='lat' dir='ltr'><strong>evangelistas</strong></span> <span class='ocrx_word' id='word_1_674' title='bbox 563 4703 733 4778; x_wconf 90' lang='lat' dir='ltr'><strong>plenissime</strong></span> <span class='ocrx_word' id='word_1_675' title='bbox 748 4703 865 4777; x_wconf 89' lang='lat' dir='ltr'><strong>legitur.</strong></span> <span class='ocrx_word' id='word_1_676' title='bbox 922 4703 1048 4760; x_wconf 90' lang='lat' dir='ltr'><strong>ctionem</strong></span> <span class='ocrx_word' id='word_1_677' title='bbox 1059 4704 1181 4761; x_wconf 85' lang='lat' dir='ltr'><strong>suumin</strong></span> <span class='ocrx_word' id='word_1_678' title='bbox 1193 4705 1654 4782; x_wconf 82' lang='lat' dir='ltr'><strong>omniousgcntibuscredituros·</strong></span> <span class='ocrx_word' id='word_1_679' title='bbox 1666 4710 1749 4782; x_wconf 61' lang='lat' dir='ltr'><strong>Quia,</strong></span> 
     </span>
     <span class='ocr_line' id='line_1_63' title="bbox 56 4787 1750 4871; baseline 0.028 -32"><span class='ocrx_word' id='word_1_680' title='bbox 56 4787 196 4851; x_wconf 79' lang='lat' dir='ltr'><strong>adhibetur</strong></span> <span class='ocrx_word' id='word_1_681' title='bbox 212 4800 315 4853; x_wconf 88' lang='lat' dir='ltr'><strong>autem</strong></span> <span class='ocrx_word' id='word_1_682' title='bbox 331 4795 400 4850; x_wconf 90' lang='lat' dir='ltr'><strong>huic</strong></span> <span class='ocrx_word' id='word_1_683' title='bbox 415 4795 490 4850; x_wconf 87' lang='lat' dir='ltr'><strong>laete</strong></span> <span class='ocrx_word' id='word_1_684' title='bbox 512 4794 714 4867; x_wconf 90' lang='lat' dir='ltr'><strong>propheticum</strong></span> <span class='ocrx_word' id='word_1_685' title='bbox 735 4794 868 4852; x_wconf 89' lang='lat' dir='ltr'><strong>testimo·</strong></span> <span class='ocrx_word' id='word_1_686' title='bbox 922 4793 998 4848; x_wconf 88' lang='lat' dir='ltr'><strong>sieut</strong></span> <span class='ocrx_word' id='word_1_687' title='bbox 1013 4792 1084 4849; x_wconf 91' lang='lat' dir='ltr'><strong>dicit</strong></span> <span class='ocrx_word' id='word_1_688' title='bbox 1099 4793 1257 4867; x_wconf 64' lang='grc' dir='ltr'><strong>ΑΡΟΒῑΟῙΠῦ</strong></span> <span class='ocrx_word' id='word_1_689' title='bbox 1273 4813 1279 4850; x_wconf 77' lang='lat'>²</span> <span class='ocrx_word' id='word_1_690' title='bbox 1297 4819 1310 4847; x_wconf 81' lang='lat'><em>“</em></span> <span class='ocrx_word' id='word_1_691' title='bbox 1327 4795 1447 4854; x_wconf 53' lang='lat' dir='ltr'><strong>emitas</strong></span> <span class='ocrx_word' id='word_1_692' title='bbox 1470 4813 1504 4853; x_wconf 64' lang='lat'><strong>⁰³</strong></span> <span class='ocrx_word' id='word_1_693' title='bbox 1519 4803 1601 4871; x_wconf 67' lang='grc' dir='ltr'><strong>ΡΙΙΓῑΘ</strong></span> <span class='ocrx_word' id='word_1_694' title='bbox 1616 4800 1645 4854; x_wconf 69' lang='lat' dir='ltr'><strong>in</strong></span> <span class='ocrx_word' id='word_1_695' title='bbox 1661 4800 1750 4856; x_wconf 64' lang='lat' dir='ltr'><strong>I⁵m⁰¹</strong></span> 
     </span>
     <span class='ocr_line' id='line_1_64' title="bbox 57 4873 1749 4960; baseline 0.011 -32"><span class='ocrx_word' id='word_1_696' title='bbox 57 4873 131 4948; x_wconf 76' lang='lat' dir='ltr'><strong>nium,</strong></span> <span class='ocrx_word' id='word_1_697' title='bbox 144 4887 177 4940; x_wconf 80' lang='lat' dir='ltr'><strong>ut</strong></span> <span class='ocrx_word' id='word_1_698' title='bbox 191 4888 359 4959; x_wconf 73' lang='lat' dir='ltr'><strong>appareret,</strong></span> <span class='ocrx_word' id='word_1_699' title='bbox 372 4885 450 4957; x_wconf 91' lang='lat' dir='ltr'><strong>quod</strong></span> <span class='ocrx_word' id='word_1_700' title='bbox 462 4883 583 4958; x_wconf 86' lang='lat' dir='ltr'><strong>maligni</strong></span> <span class='ocrx_word' id='word_1_701' title='bbox 594 4883 741 4957; x_wconf 89' lang='lat' dir='ltr'><strong>principes</strong></span> <span class='ocrx_word' id='word_1_702' title='bbox 753 4883 869 4940; x_wconf 80' lang='lat' dir='ltr'><strong>ludeo·</strong></span> <span class='ocrx_word' id='word_1_703' title='bbox 921 4882 997 4938; x_wconf 86' lang='lat' dir='ltr'><strong>lacta</strong></span> <span class='ocrx_word' id='word_1_704' title='bbox 1011 4888 1065 4950; x_wconf 85' lang='lat' dir='ltr'><strong>eat,</strong></span> <span class='ocrx_word' id='word_1_705' title='bbox 1089 4885 1181 4940; x_wconf 91' lang='lat' dir='ltr'><strong>donec</strong></span> <span class='ocrx_word' id='word_1_706' title='bbox 1204 4884 1356 4958; x_wconf 90' lang='lat' dir='ltr'><strong>plenitudo</strong></span> <span class='ocrx_word' id='word_1_707' title='bbox 1371 4886 1504 4958; x_wconf 87' lang='lat' dir='ltr'><strong>gentium</strong></span> <span class='ocrx_word' id='word_1_708' title='bbox 1520 4887 1641 4945; x_wconf 87' lang='lat' dir='ltr'><strong>intraret</strong></span> <span class='ocrx_word' id='word_1_709' title='bbox 1661 4891 1749 4960; x_wconf 80' lang='lat' dir='ltr'><strong>(Rern.</strong></span> 
     </span>
     <span class='ocr_line' id='line_1_65' title="bbox 57 4971 1749 5054; baseline 0.008 -33"><span class='ocrx_word' id='word_1_710' title='bbox 57 4979 184 5029; x_wconf 81' lang='lat' dir='ltr'><strong>romaum</strong></span> <span class='ocrx_word' id='word_1_711' title='bbox 208 4991 269 5032; x_wconf 86' lang='lat' dir='ltr'><strong>nen</strong></span> <span class='ocrx_word' id='word_1_712' title='bbox 294 4973 509 5054; x_wconf 83' lang='lat' dir='ltr'><strong>intelligebant,</strong></span> <span class='ocrx_word' id='word_1_713' title='bbox 534 4973 563 5028; x_wconf 91' lang='lat' dir='ltr'><strong>in</strong></span> <span class='ocrx_word' id='word_1_714' title='bbox 586 4990 643 5046; x_wconf 91' lang='lat' dir='ltr'><strong>quo</strong></span> <span class='ocrx_word' id='word_1_715' title='bbox 669 4973 868 5046; x_wconf 91' lang='lat' dir='ltr'><strong>implebantur</strong></span> <span class='ocrx_word' id='word_1_716' title='bbox 921 4971 971 5043; x_wconf 85' lang='lat' dir='ltr'><strong>rr).</strong></span> <span class='ocrx_word' id='word_1_717' title='bbox 989 4994 1003 5021; x_wconf 86' lang='grc'><em>»</em></span> <span class='ocrx_word' id='word_1_718' title='bbox 1021 4973 1059 5028; x_wconf 77' lang='lat' dir='ltr'><strong>lla</strong></span> <span class='ocrx_word' id='word_1_719' title='bbox 1074 4974 1225 5030; x_wconf 89' lang='lat' dir='ltr'><strong>occasione</strong></span> <span class='ocrx_word' id='word_1_720' title='bbox 1248 4973 1338 5048; x_wconf 88' lang='lat' dir='ltr'><strong>igitur</strong></span> <span class='ocrx_word' id='word_1_721' title='bbox 1359 4974 1482 5034; x_wconf 87' lang='lat' dir='ltr'><strong>istorum</strong></span> <span class='ocrx_word' id='word_1_722' title='bbox 1505 4977 1672 5046; x_wconf 79' lang='lat' dir='ltr'><strong>gentillum,</strong></span> <span class='ocrx_word' id='word_1_723' title='bbox 1698 4979 1749 5052; x_wconf 88' lang='lat' dir='ltr'><strong>qui</strong></span> 
     </span>
     <span class='ocr_line' id='line_1_66' title="bbox 57 5057 1751 5140; baseline 0.009 -31"><span class='ocrx_word' id='word_1_724' title='bbox 57 5067 106 5123; x_wconf 83' lang='lat' dir='ltr'><strong>que</strong></span> <span class='ocrx_word' id='word_1_725' title='bbox 118 5057 260 5135; x_wconf 88' lang='lat' dir='ltr'><strong>legebant.</strong></span> <span class='ocrx_word' id='word_1_726' title='bbox 288 5062 401 5120; x_wconf 86' lang='lat' dir='ltr'><strong>Invenit</strong></span> <span class='ocrx_word' id='word_1_727' title='bbox 415 5079 483 5138; x_wconf 92' lang='lat' dir='ltr'><strong>ergo</strong></span> <span class='ocrx_word' id='word_1_728' title='bbox 497 5062 583 5120; x_wconf 83' lang='lat' dir='ltr'><strong>lesus</strong></span> <span class='ocrx_word' id='word_1_729' title='bbox 598 5062 732 5132; x_wconf 89' lang='lat' dir='ltr'><strong>asellum,</strong></span> <span class='ocrx_word' id='word_1_730' title='bbox 748 5065 777 5119; x_wconf 89' lang='lat' dir='ltr'><strong>et</strong></span> <span class='ocrx_word' id='word_1_731' title='bbox 792 5063 867 5119; x_wconf 90' lang='lat' dir='ltr'><strong>sedit</strong></span> <span class='ocrx_word' id='word_1_732' title='bbox 921 5077 988 5118; x_wconf 89' lang='lat' dir='ltr'><strong>eum</strong></span> <span class='ocrx_word' id='word_1_733' title='bbox 1004 5061 1101 5118; x_wconf 88' lang='lat' dir='ltr'><strong>videre</strong></span> <span class='ocrx_word' id='word_1_734' title='bbox 1109 5063 1276 5136; x_wconf 87' lang='lat' dir='ltr'><strong>cupiebant,</strong></span> <span class='ocrx_word' id='word_1_735' title='bbox 1289 5064 1446 5124; x_wconf 88' lang='lat' dir='ltr'><strong>annuntiat</strong></span> <span class='ocrx_word' id='word_1_736' title='bbox 1456 5065 1587 5124; x_wconf 88' lang='lat' dir='ltr'><strong>suturam</strong></span> <span class='ocrx_word' id='word_1_737' title='bbox 1601 5067 1751 5140; x_wconf 90' lang='lat' dir='ltr'><strong>plenitud-</strong></span> 
     </span>
     <span class='ocr_line' id='line_1_67' title="bbox 57 5151 1749 5229; baseline 0.024 -54"><span class='ocrx_word' id='word_1_738' title='bbox 57 5157 127 5216; x_wconf 48' lang='grc' dir='ltr'><strong>,ΠΜ</strong></span> <span class='ocrx_word' id='word_1_739' title='bbox 144 5167 220 5208; x_wconf 53' lang='grc' dir='ltr'><strong>Μ</strong></span> <span class='ocrx_word' id='word_1_740' title='bbox 920 5151 1183 5223; x_wconf 79' lang='lat' dir='ltr'><strong>nemgentium.l]t</strong></span> <span class='ocrx_word' id='word_1_741' title='bbox 1194 5151 1749 5229; x_wconf 75' lang='lat' dir='ltr'><strong>promittitJamJamqueadessehoram</strong></span> 
     </span>
     <span class='ocr_line' id='line_1_68' title="bbox 84 5236 1751 5321; baseline 0.016 -43"><span class='ocrx_word' id='word_1_742' title='bbox 84 5236 177 5298; x_wconf 63' lang='lat' dir='ltr'><strong>«Sicut</strong></span> <span class='ocrx_word' id='word_1_743' title='bbox 192 5241 339 5314; x_wconf 61' lang='lat' dir='ltr'><strong>scriptum</strong></span> <span class='ocrx_word' id='word_1_744' title='bbox 354 5245 415 5298; x_wconf 67' lang='lat' dir='ltr'><strong>est:</strong></span> <span class='ocrx_word' id='word_1_745' title='bbox 433 5240 497 5297; x_wconf 81' lang='lat' dir='ltr'><strong>Noli</strong></span> <span class='ocrx_word' id='word_1_746' title='bbox 509 5242 621 5312; x_wconf 83' lang='lat' dir='ltr'><strong>timere,</strong></span> <span class='ocrx_word' id='word_1_747' title='bbox 636 5239 697 5296; x_wconf 89' lang='lat' dir='ltr'><strong>filia</strong></span> <span class='ocrx_word' id='word_1_748' title='bbox 707 5241 787 5306; x_wconf 89' lang='lat' dir='ltr'><strong>Sion,</strong></span> <span class='ocrx_word' id='word_1_749' title='bbox 799 5257 865 5298; x_wconf 90' lang='lat' dir='ltr'><strong>ecce</strong></span> <span class='ocrx_word' id='word_1_750' title='bbox 920 5238 1140 5313; x_wconf 84' lang='lat' dir='ltr'><strong>glorificationis</strong></span> <span class='ocrx_word' id='word_1_751' title='bbox 1152 5257 1221 5307; x_wconf 80' lang='lat' dir='ltr'><strong>sue,</strong></span> <span class='ocrx_word' id='word_1_752' title='bbox 1235 5259 1294 5315; x_wconf 87' lang='lat' dir='ltr'><strong>qua</strong></span> <span class='ocrx_word' id='word_1_753' title='bbox 1308 5243 1386 5300; x_wconf 90' lang='lat' dir='ltr'><strong>laeta</strong></span> <span class='ocrx_word' id='word_1_754' title='bbox 1400 5242 1429 5298; x_wconf 90' lang='lat' dir='ltr'><strong>in</strong></span> <span class='ocrx_word' id='word_1_755' title='bbox 1446 5243 1536 5314; x_wconf 82' lang='lat' dir='ltr'><strong>omlis,</strong></span> <span class='ocrx_word' id='word_1_756' title='bbox 1553 5246 1583 5302; x_wconf 91' lang='lat' dir='ltr'><strong>in</strong></span> <span class='ocrx_word' id='word_1_757' title='bbox 1599 5263 1667 5304; x_wconf 88' lang='lat' dir='ltr'><strong>eum</strong></span> <span class='ocrx_word' id='word_1_758' title='bbox 1682 5263 1751 5321; x_wconf 84' lang='lat' dir='ltr'><strong>geu-</strong></span> 
     </span>
     <span class='ocr_line' id='line_1_69' title="bbox 58 5329 1749 5405; baseline 0.015 -39"><span class='ocrx_word' id='word_1_759' title='bbox 58 5331 195 5386; x_wconf 64' lang='lat' dir='ltr'><strong>«mruug</strong></span> <span class='ocrx_word' id='word_1_760' title='bbox 209 5331 293 5388; x_wconf 67' lang='lat' dir='ltr'><strong>venit</strong></span> <span class='ocrx_word' id='word_1_761' title='bbox 305 5331 369 5401; x_wconf 68' lang='lat' dir='ltr'><strong>fibi,</strong></span> <span class='ocrx_word' id='word_1_762' title='bbox 386 5332 491 5388; x_wconf 71' lang='lat' dir='ltr'><strong>sedens</strong></span> <span class='ocrx_word' id='word_1_763' title='bbox 506 5348 595 5405; x_wconf 78' lang='lat' dir='ltr'><strong>super</strong></span> <span class='ocrx_word' id='word_1_764' title='bbox 608 5331 723 5404; x_wconf 90' lang='lat' dir='ltr'><strong>pullum</strong></span> <span class='ocrx_word' id='word_1_765' title='bbox 738 5329 836 5387; x_wconf 81' lang='lat' dir='ltr'><strong>asine.</strong></span> <span class='ocrx_word' id='word_1_766' title='bbox 851 5353 864 5380; x_wconf 88' lang='lat'>»</span> <span class='ocrx_word' id='word_1_767' title='bbox 919 5333 964 5386; x_wconf 88' lang='lat' dir='ltr'><strong>tes</strong></span> <span class='ocrx_word' id='word_1_768' title='bbox 981 5329 1095 5386; x_wconf 83' lang='lat' dir='ltr'><strong>luerent</strong></span> <span class='ocrx_word' id='word_1_769' title='bbox 1108 5329 1270 5388; x_wconf 81' lang='lat' dir='ltr'><strong>creditore.</strong></span> <span class='ocrx_word' id='word_1_770' title='bbox 1283 5330 1364 5390; x_wconf 90' lang='lat' dir='ltr'><strong>Unde</strong></span> <span class='ocrx_word' id='word_1_771' title='bbox 1374 5333 1547 5405; x_wconf 80' lang='lat' dir='ltr'><strong>pradictum</strong></span> <span class='ocrx_word' id='word_1_772' title='bbox 1559 5339 1621 5392; x_wconf 89' lang='lat' dir='ltr'><strong>est:</strong></span> <span class='ocrx_word' id='word_1_773' title='bbox 1642 5336 1749 5395; x_wconf 78' lang='lat' dir='ltr'><strong>«liral-</strong></span> 
     </span>
     <span class='ocr_line' id='line_1_70' title="bbox 56 5404 1748 5500; baseline 0.013 -39"><span class='ocrx_word' id='word_1_774' title='bbox 56 5404 106 5465; x_wconf 84' lang='lat' dir='ltr'><strong>llee</strong></span> <span class='ocrx_word' id='word_1_775' title='bbox 124 5413 180 5473; x_wconf 83' lang='lat' dir='ltr'><strong>ntia</strong></span> <span class='ocrx_word' id='word_1_776' title='bbox 194 5419 277 5487; x_wconf 89' lang='lat' dir='ltr'><strong>Sion,</strong></span> <span class='ocrx_word' id='word_1_777' title='bbox 294 5421 340 5477; x_wconf 91' lang='lat' dir='ltr'><strong>cui</strong></span> <span class='ocrx_word' id='word_1_778' title='bbox 362 5419 502 5477; x_wconf 89' lang='lat' dir='ltr'><strong>divinitus</strong></span> <span class='ocrx_word' id='word_1_779' title='bbox 518 5420 575 5478; x_wconf 89' lang='lat' dir='ltr'><strong>ista</strong></span> <span class='ocrx_word' id='word_1_780' title='bbox 590 5420 737 5488; x_wconf 87' lang='lat' dir='ltr'><strong>dicuntur,</strong></span> <span class='ocrx_word' id='word_1_781' title='bbox 753 5420 783 5476; x_wconf 92' lang='lat' dir='ltr'><strong>in</strong></span> <span class='ocrx_word' id='word_1_782' title='bbox 807 5419 866 5476; x_wconf 89' lang='lat' dir='ltr'><strong>illis</strong></span> <span class='ocrx_word' id='word_1_783' title='bbox 919 5422 981 5474; x_wconf 91' lang='lat' dir='ltr'><strong>tare</strong></span> <span class='ocrx_word' id='word_1_784' title='bbox 996 5435 1086 5492; x_wconf 89' lang='lat' dir='ltr'><strong>super</strong></span> <span class='ocrx_word' id='word_1_785' title='bbox 1100 5418 1288 5490; x_wconf 82' lang='lat' dir='ltr'><strong>emlos,Deus,</strong></span> <span class='ocrx_word' id='word_1_786' title='bbox 1305 5426 1333 5477; x_wconf 91' lang='lat' dir='ltr'><strong>et</strong></span> <span class='ocrx_word' id='word_1_787' title='bbox 1344 5438 1561 5496; x_wconf 91' lang='lat' dir='ltr'><strong>superomnem</strong></span> <span class='ocrx_word' id='word_1_788' title='bbox 1573 5426 1748 5500; x_wconf 85' lang='lat' dir='ltr'><strong>terramglo·</strong></span> 
     </span>
     <span class='ocr_line' id='line_1_71' title="bbox 55 5503 1747 5587; baseline 0.025 -37"><span class='ocrx_word' id='word_1_789' title='bbox 55 5503 301 5580; x_wconf 64' lang='lat' dir='ltr'><strong>oratoribusque</strong></span> <span class='ocrx_word' id='word_1_790' title='bbox 316 5525 416 5566; x_wconf 87' lang='lat' dir='ltr'><strong>vocem</strong></span> <span class='ocrx_word' id='word_1_791' title='bbox 433 5509 559 5582; x_wconf 87' lang='lat' dir='ltr'><strong>pastoris</strong></span> <span class='ocrx_word' id='word_1_792' title='bbox 576 5508 752 5566; x_wconf 89' lang='lat' dir='ltr'><strong>audiebant:</strong></span> <span class='ocrx_word' id='word_1_793' title='bbox 769 5506 799 5564; x_wconf 90' lang='lat' dir='ltr'><strong>in</strong></span> <span class='ocrx_word' id='word_1_794' title='bbox 815 5505 865 5565; x_wconf 90' lang='lat' dir='ltr'><strong>illa</strong></span> <span class='ocrx_word' id='word_1_795' title='bbox 919 5508 963 5564; x_wconf 90' lang='lat' dir='ltr'><strong>ria</strong></span> <span class='ocrx_word' id='word_1_796' title='bbox 977 5512 1028 5564; x_wconf 89' lang='lat' dir='ltr'><strong>tua</strong></span> <span class='ocrx_word' id='word_1_797' title='bbox 1051 5509 1135 5581; x_wconf 81' lang='lat' dir='ltr'><strong>(Paci.</strong></span> <span class='ocrx_word' id='word_1_798' title='bbox 1152 5512 1217 5579; x_wconf 81' lang='lat' dir='ltr'><strong>rvr).</strong></span> <span class='ocrx_word' id='word_1_799' title='bbox 1236 5532 1249 5561; x_wconf 77' lang='lat' dir='ltr'><strong>a</strong></span> <span class='ocrx_word' id='word_1_800' title='bbox 1271 5515 1337 5567; x_wconf 72' lang='lat' dir='ltr'><strong>Hae</strong></span> <span class='ocrx_word' id='word_1_801' title='bbox 1352 5516 1397 5569; x_wconf 74' lang='lat' dir='ltr'><strong>est</strong></span> <span class='ocrx_word' id='word_1_802' title='bbox 1424 5512 1557 5585; x_wconf 64' lang='lat' dir='ltr'><strong>genstum</strong></span> <span class='ocrx_word' id='word_1_803' title='bbox 1586 5513 1747 5587; x_wconf 62' lang='grc' dir='ltr'><strong>ΡῙθῦῑῑῑῑάθι</strong></span> 
     </span>
     <span class='ocr_line' id='line_1_72' title="bbox 55 5591 1747 5675; baseline 0.012 -38"><span class='ocrx_word' id='word_1_804' title='bbox 55 5591 103 5641; x_wconf 88' lang='lat' dir='ltr'><strong>erat</strong></span> <span class='ocrx_word' id='word_1_805' title='bbox 122 5592 318 5666; x_wconf 89' lang='lat' dir='ltr'><strong>multitudine,</strong></span> <span class='ocrx_word' id='word_1_806' title='bbox 344 5616 408 5672; x_wconf 83' lang='lat' dir='ltr'><strong>quae</strong></span> <span class='ocrx_word' id='word_1_807' title='bbox 429 5597 586 5655; x_wconf 91' lang='lat' dir='ltr'><strong>Dominum</strong></span> <span class='ocrx_word' id='word_1_808' title='bbox 602 5598 767 5655; x_wconf 87' lang='lat' dir='ltr'><strong>venientem</strong></span> <span class='ocrx_word' id='word_1_809' title='bbox 781 5601 864 5655; x_wconf 89' lang='lat' dir='ltr'><strong>tanta</strong></span> <span class='ocrx_word' id='word_1_810' title='bbox 918 5599 954 5656; x_wconf 89' lang='lat' dir='ltr'><strong>de</strong></span> <span class='ocrx_word' id='word_1_811' title='bbox 969 5615 1028 5671; x_wconf 91' lang='lat' dir='ltr'><strong>qua</strong></span> <span class='ocrx_word' id='word_1_812' title='bbox 1042 5598 1112 5654; x_wconf 87' lang='lat' dir='ltr'><strong>dicit</strong></span> <span class='ocrx_word' id='word_1_813' title='bbox 1125 5599 1282 5673; x_wconf 87' lang='lat' dir='ltr'><strong>Apostolus</strong></span> <span class='ocrx_word' id='word_1_814' title='bbox 1293 5617 1300 5659; x_wconf 92' lang='lat'>:</span> <span class='ocrx_word' id='word_1_815' title='bbox 1313 5624 1327 5652; x_wconf 75' lang='lat' dir='ltr'><strong>a</strong></span> <span class='ocrx_word' id='word_1_816' title='bbox 1337 5600 1456 5660; x_wconf 73' lang='lat' dir='ltr'><strong>[tacitas</strong></span> <span class='ocrx_word' id='word_1_817' title='bbox 1470 5619 1504 5659; x_wconf 86' lang='lat' dir='ltr'><strong>err</strong></span> <span class='ocrx_word' id='word_1_818' title='bbox 1514 5603 1596 5675; x_wconf 88' lang='lat' dir='ltr'><strong>parte</strong></span> <span class='ocrx_word' id='word_1_819' title='bbox 1611 5603 1641 5658; x_wconf 91' lang='lat' dir='ltr'><strong>in</strong></span> <span class='ocrx_word' id='word_1_820' title='bbox 1656 5597 1747 5658; x_wconf 83' lang='lat' dir='ltr'><strong>Israel</strong></span> 
     </span>
    </p>
   </div>
   <div class='ocr_carea' id='block_1_6' title="bbox 55 5672 1745 5768">
    <p class='ocr_par' dir='ltr' id='par_1_7' title="bbox 55 5672 1745 5768">
     <span class='ocr_line' id='line_1_73' title="bbox 55 5672 1745 5768; baseline 0.011 -38"><span class='ocrx_word' id='word_1_821' title='bbox 55 5672 184 5744; x_wconf 77' lang='lat' dir='ltr'><strong>devotione</strong></span> <span class='ocrx_word' id='word_1_822' title='bbox 208 5684 358 5766; x_wconf 88' lang='lat' dir='ltr'><strong>laudabat,</strong></span> <span class='ocrx_word' id='word_1_823' title='bbox 382 5691 464 5749; x_wconf 88' lang='lat' dir='ltr'><strong>tanto</strong></span> <span class='ocrx_word' id='word_1_824' title='bbox 486 5689 603 5766; x_wconf 84' lang='lat' dir='ltr'><strong>agmine</strong></span> <span class='ocrx_word' id='word_1_825' title='bbox 626 5687 798 5750; x_wconf 87' lang='lat' dir='ltr'><strong>deducebat.</strong></span> <span class='ocrx_word' id='word_1_826' title='bbox 815 5685 864 5748; x_wconf 89' lang='lat' dir='ltr'><strong>Di·</strong></span> <span class='ocrx_word' id='word_1_827' title='bbox 919 5689 995 5748; x_wconf 87' lang='lat' dir='ltr'><strong>lacta</strong></span> <span class='ocrx_word' id='word_1_828' title='bbox 1009 5694 1064 5764; x_wconf 89' lang='lat' dir='ltr'><strong>est,</strong></span> <span class='ocrx_word' id='word_1_829' title='bbox 1081 5689 1172 5750; x_wconf 90' lang='lat' dir='ltr'><strong>donec</strong></span> <span class='ocrx_word' id='word_1_830' title='bbox 1187 5689 1326 5768; x_wconf 88' lang='lat' dir='ltr'><strong>penitudo</strong></span> <span class='ocrx_word' id='word_1_831' title='bbox 1341 5690 1473 5768; x_wconf 85' lang='lat' dir='ltr'><strong>gentium</strong></span> <span class='ocrx_word' id='word_1_832' title='bbox 1498 5691 1631 5750; x_wconf 86' lang='lat' dir='ltr'><strong>intraret.</strong></span> <span class='ocrx_word' id='word_1_833' title='bbox 1648 5710 1663 5742; x_wconf 83' lang='lat' dir='ltr'><strong>u</strong></span> <span class='ocrx_word' id='word_1_834' title='bbox 1688 5686 1745 5748; x_wconf 76' lang='lat' dir='ltr'><strong>aad</strong></span> 
     </span>
    </p>
   </div>
   <div class='ocr_carea' id='block_1_7' title="bbox 0 0 1940 6167">
    <p class='ocr_par' dir='ltr' id='par_1_8' title="bbox 0 0 1940 6167">
     <span class='ocr_line' id='line_1_74' title="bbox 0 0 1940 6167; baseline 0 0"><span class='ocrx_word' id='word_1_835' title='bbox 0 0 1940 6167; x_wconf 95' lang='lat' dir='ltr'><strong> </strong></span> 
     </span>
    </p>
   </div>
  </div>
 </body>
</html>
