4034 6180
231 245 292 318 939
431 245 633 310 neruosis
655 244 924 310 HaliuuRsvav.
948 242 1069 308 EPlSC.
1092 241 1178 308 OPP.
1201 245 1303 308 PARS
1326 245 1379 308 lli.
1398 245 1743 326 -Mlscubbatvnn
1834 257 1879 320 lta

230 379 412 456 dignaretur,
429 381 454 438 ei
476 379 603 438 earnalis
619 365 718 451 frater}
735 379 785 454 qui
801 386 871 437 tuna
887 380 987 436 aderat
1003 378 1054 446 ibi,
1069 379 1097 446 Α
1111 376 1270 434 dubiocoeli
1279 379 1881 454 portae,imopotiusipsumaoelumauieretors

231 488 286 532 aur
301 473 337 527 ab
359 469 498 527 omnibus
523 467 711 525 abominatus
733 473 821 535 esset,
838 467 985 526 indicavit.
1005 467 1059 532 Oui
1113 465 1208 522 medio
1218 469 1358 539 tanquam
1370 467 1394 524 si
1403 468 1587 526 tabernaculo
1596 469 1882 543 alicujusvelamimaol·

232 558 368 636 protinus
379 558 414 614 de
422 560 504 614 reatu
516 557 762 614 suovehementer
772 555 1017 631 ingemuit,atque
1029 556 1059 612 in
1112 553 1251 626 ligantur,
1275 554 1386 612 seilicet
1401 559 1434 612 ut
1448 561 1597 630 reparatur
1613 563 1640 615 et
1652 559 1843 618 transformetur
1859 564 1883 622 in

231 647 300 723 ipsa
313 645 434 704 tristitia
448 663 463 702 e
478 662 598 719 corpore
613 645 708 704 exivit.
724 645 898 703 Nullatenus
910 645 989 703 enim
1005 644 1060 702 hoo
1113 642 1228 700 melius.
1243 645 1326 701 Tune
1341 661 1409 718 erga
1424 645 1523 702 omnia
1537 650 1630 704 metus
1642 647 1757 716 habebit,
1770 649 1884 724 timorque

232 739 338 796 beatus
349 734 801 808 Gregoriuslaserejuberet‚uisi
811 736 848 792 ad
857 733 1059 808 purgationem
1113 747 1146 788 ao
1161 735 1270 788 tremor
1282 733 1416 806 implebit
1431 734 1575 792 universa.
1591 736 1669 793 'luno
1682 735 1833 811 eliamipsos
1843 757 1884 797 an·

143 834 145 842 '
234 824 387 886 morientis
408 823 463 880 hoo
478 823 617 896 prodesse
631 824 825 898 cognovisset.
842 823 904 880 lino
919 839 1012 896 usque
1025 823 1060 879 de
1112 819 1194 895 gelos
1206 820 1331 878 formida
1347 822 1509 895 quassabit,
1523 827 1551 879 et
1565 839 1621 880 non
1636 823 1725 880 solum
1738 826 1884 899 angelassed

233 915 303 989 igne
316 913 496 987 purgatorio,
516 911 623 968 abhinc
646 913 681 970 de
706 917 835 970 extremo
852 913 966 986 judicio
987 911 1060 969 insi·
1113 909 1539 985 fortassisetarchangelos,et
1553 912 1885 975 tbmnosetdaminationes

233 1004 372 1064 stendum
387 1006 441 1060 est.
1113 1001 1142 1056 at
1156 999 1339 1072 principatus
1354 1005 1383 1056 et
1396 1005 1567 1073 potestates.
1582 1001 1639 1058 lloo
1649 1002 1720 1058 enim
1734 1003 1885 1062 inlimtnin

554 1126 673 1184 CAPUT
691 1127 728 1184 XI
1113 1104 1146 1145 eo
1157 1089 1234 1161 quod
1245 1088 1634 1158 dioil,etvirtuteseoelorum
1645 1092 1886 1151 movebunturan·

634 1245 639 1256 ι
731 1169 738 1183 ’
874 1243 878 1253 Ι
924 1243 954 1254 Η
1113 1177 1188 1234 servi
1201 1178 1280 1235 enim
1293 1182 1364 1235 sunt
1378 1195 1480 1236 earnm
1497 1179 1547 1254 qui
1558 1179 1704 1252 judicandi
1723 1184 1792 1247 sunt,
1807 1185 1829 1236 et
1839 1183 1885 1237 vite

275 1249 317 1303 ⁰0
328 1243 406 1300 vaide
420 1242 557 1300 immi)
573 1243 675 1300 ciuili
688 1243 805 1300 ⁰de
819 1241 1011 1315 adimam·
1113 1265 1204 1338 hujus
1212 1267 1335 1340 posituri
1345 1267 1531 1325 rationem.Si
1542 1269 1620 1326 enim
1627 1269 1805 1343 apudjudioes
1815 1269 1887 1327 sesai

265 1360 428 1418 Audiamus
439 1357 1059 1434 quomodopropbetisnuntiantibus(utan·
1113 1371 1180 1410 aum
1202 1355 1303 1413 civitas
1319 1373 1378 1413 una
1397 1357 1561 1429 judionnda
1583 1361 1636 1425 est,
1656 1362 1752 1431 pavent
1770 1362 1855 1414 cetera
1867 1365 1888 1416 et

233 1449 362 1508 nuntiari
378 1448 549 1505 hominibus
564 1448 608 1504 las
624 1447 688 1520 luit)
705 1447 880 1521 praedicetur
889 1445 997 1503 Christi
1013 1445 1061 1500 ad·
1113 1444 1353 1515 contremiscunt,
1386 1445 1476 1502 etiam
1500 1446 1525 1504 si
1550 1445 1623 1502 nihil
1647 1445 1758 1520 perionli
1778 1450 1886 1518 metuant,

231 1542 347 1596 ventus.
363 1538 489 1612 nitergo
504 1537 625 1610 quidam
645 1553 680 1593 ex
694 1536 736 1593 eis
749 1553 756 1593 :
771 1537 842 1593 betas
856 1536 999 1608 manifeste
1013 1550 1060 1590 oe·
1113 1537 1226 1604 quanto
1236 1533 1408 1608 magianum
1419 1533 1888 1607 orbisterreuniversusadjudicinn

231 1629 299 1696 aiat,
315 1629 386 1685 Deus
410 1635 503 1685 noster
526 1633 553 1683 et
571 1642 627 1684 aaa
652 1626 756 1684 silebit.
781 1628 859 1696 lpais
882 1629 947 1681 ante
969 1625 1060 1696 ipsam
1113 1622 1218 1690 veniet,
1234 1622 1452 1695 etjudicandus
1466 1639 1483 1680 a
1494 1624 1604 1696 judice,
1621 1624 1669 1697 qui
1687 1627 1887 1697 testenonageat,

232 1716 350 1788 ardebit,
372 1725 398 1774 et
421 1717 584 1774 incircuitu
608 1717 666 1788 ejas
685 1716 806 1788 procella
825 1713 930 1770 aalide.
954 1712 1061 1769 Vocaait
1113 1709 1348 1784 quiargnmentn
1357 1728 1415 1769 non
1425 1715 1547 1785 querat,
1559 1711 1610 1785 qui
1620 1718 1755 1770 oratorem
1764 1727 1839 1769 eausa
1847 1729 1888 1768 non

231 1807 331 1865 eaelum
348 1823 470 1873 sarsum,
485 1813 511 1862 et
525 1813 627 1862 terram
647 1803 802 1860 discemere
825 1802 958 1875 papulam
979 1817 1060 1857 taam
1113 1799 1251 1873 postulat.
1268 1800 1324 1856 Sed
1350 1799 1396 1856 his
1412 1801 1551 1860 omnibus
1569 1801 1668 1874 procul
1688 1800 1791 1871 amotis,
1812 1801 1889 1873 ipseet

232 1896 318 1970 (Paul.
332 1899 417 1964 ιιιιν).
436 1892 518 1950 Alius
528 1909 595 1950 vera
612 1891 662 1964 qui
675 1898 703 1948 et
715 1907 867 1964 poenarum
887 1890 998 1963 species
1010 1906 1060 1946 no·
1114 1892 1197 1962 geste
1211 1892 1240 1945 et
1252 1889 1341 1946 verba
1351 1893 1380 1945 et
1394 1890 1587 1964 aagitmionee
1597 1890 1806 1964 denudetatque
1817 1890 1840 1945 iu
1849 1905 1890 1944 ne

232 1983 279 2039 bis
293 1983 414 2049 indiaat,
430 1981 485 2037 hoo
506 1985 551 2037 eet
566 1979 669 2048 isaias,
695 1979 764 2036 audi
789 1979 936 2053 quamodo
961 1979 1057 2036 dicat:
1113 1977 1195 2034 dium
1212 1975 1342 2047 eolloaet,
1355 1983 1384 2036 et
1398 1983 1502 2037 cuneta
1512 1979 1592 2036 velut
1602 1979 1631 2036 in
1642 1977 1889 2052 talibusquibusdan

230 2075 298 2128 Dece
312 2069 370 2126 dies
384 2069 498 2126 Domini
520 2070 611 2124 veniel
633 2069 808 2135 insanabilis,
826 2069 883 2125 dies
905 2069 1010 2140 [aroris
1033 2077 1059 2123 et
1113 2066 1227 2139 depicta
1235 2067 1434 2125 oeuliseorum
1446 2085 1510 2141 qun
1518 2069 1890 2140 commiseruntsantqueon·

231 2162 293 2226 irae,
307 2159 529 2232 atpoaotorbem
539 2158 769 2225 terraedesertam,
787 2167 814 2216 et
833 2166 983 2231 peccatores
995 2173 1058 2229 per·
1112 2154 1195 2212 nium
1207 2154 1256 2229 qui
1268 2155 1405 2214 assistere
1413 2158 1550 2214 videnlur
1559 2155 1834 2224 ostendatouomodo
1843 2157 1891 2210 tuno

230 2248 327 2305 dalea
349 2264 380 2303 eo
403 2248 468 2317 (isa.
493 2246 566 2320 xm).
593 2245 688 2304 Stellae
713 2251 811 2304 autem
828 2246 892 2303 aoeli
915 2251 941 2303 et
958 2246 1057 2312 Orion,
1112 2244 1352 2314 sommovebitur,
1368 2250 1398 2303 et
1412 2245 1442 2301 in
1456 2249 1537 2303 metu
1550 2246 1606 2303 erit
1614 2245 1742 2302 universa
1750 2242 1890 2302 ematurat...

230 2342 259 2395 et
287 2337 384 2393 omnis
407 2339 527 2392 ornatus
549 2335 614 2394 ooeli
633 2327 738 2392 ¹lumen
764 2351 852 2392 suum
880 2351 938 2391 non
966 2335 1057 2404 dabit,
1428 2362 1545 2420 CAPUT
1563 2361 1622 2420 ΧΠ.

232 2429 261 2482 et
275 2423 482 2482 obscurabitur
497 2423 541 2481 sol
568 2425 598 2480 in
613 2428 677 2480 ortu
695 2441 760 2495 suo,
776 2429 804 2480 et
818 2423 890 2480 luna
905 2440 962 2480 non
978 2423 1058 2480 debit
1477 2471 1482 2482 .
1737 2471 1742 2483 .
1830 2469 1852 2480 ..

230 2513 331 2572 lumen
346 2531 449 2583 suum3
461 2513 489 2570 al
499 2514 646 2570 mandabo
658 2513 792 2571 universa
803 2513 866 2570 arbi
877 2513 956 2570 mula
966 2518 994 2570 et
1005 2514 1058 2570 im·
1113 2467 1187 2536 Qum!
1200 2467 1336 2612 zm?
1344 2467 1891 2612 {ggv‘}2⁰2⁸p³ffiffflnfflnffudffm

231 2605 288 2678 piis
301 2607 419 2678 peecata
430 2619 542 2672 eorum,
552 2606 581 2660 et
590 2603 711 2676 perdam
724 2603 934 2660 contumeliam
945 2604 1058 2676 iniquo·

231 2708 308 2765 rum,
322 2695 351 2748 st
365 2690 504 2764 injuriam
521 2692 714 2765 superbarum
730 2691 903 2748 humiliabo.
923 2693 1058 2748 bierunt

230 2781 281 2855 qui
297 2780 389 2838 relicti
405 2780 516 2838 inerint
531 2781 651 2854 pretiosi
675 2781 769 2854 magis
785 2799 873 2854 quam
890 2798 995 2838 aurum
1020 2781 1056 2838 ub

228 2869 307 2944 igne,
316 2873 345 2925 et
358 2869 446 2925 homo
462 2867 621 2942 pretiosior
635 2867 690 2926 erit
704 2884 793 2942 quam
802 2868 877 2943 lapis
888 2869 1057 2942 sapphirus.

228 2957 338 3014 Ocelum
354 2958 432 3013 enim
445 2957 634 3030 quatietur-et
645 2963 723 3015 torva
737 2958 901 3015 movebitur
915 2975 933 3014 a
951 2959 1056 3014 lunda·

227 3045 335 3102 mentis
348 3044 421 3114 suis,
437 3049 556 3120 propter
570 3047 699 3103 iumrem
714 3045 763 3102 ire
786 3045 902 3103 Domini
915 3047 1054 3116 Sabaoth,

227 3134 257 3190 in
273 3135 321 3192 dis
335 3151 394 3208 qua
418 3135 626 3208 supervenerit
644 3137 726 3192 furor
740 3137 804 3209 ejus
821 3139 886 3206 (isa.
903 3137 976 3208 xvia).
998 3136 1054 3193 Sed
1070 3121 1092 3189 C

226 3227 256 3280 et
268 3223 583 3298 Mdnohiaspropheu
593 3241 721 3282 consona
731 3224 778 3282 his
788 3224 927 3299 loquitur,
937 3226 1054 3283 dieens:

226 3316 298 3371 Deos
312 3314 391 3370 venit
406 3315 548 3370 Dominus
561 3315 757 3387 omnipotens,
774 3319 804 3370 et
818 3315 886 3387 quis
898 3314 1057 3372 sustinebit

228 3401 306 3460 diam
322 3403 479 3459 adventum
489 3403 514 3476 ej
519 3401 573 3457 ue?
583 3406 634 3458 aut
645 3402 711 3475 quis
719 3403 906 3476 supportabit
917 3419 1058 3477 conspee-

229 3495 295 3549 tum
319 3490 408 3562 ejus?
432 3490 575 3557 Quoniam
600 3491 664 3565 ipse
689 3491 853 3565 ingreditur
876 3492 974 3566 ignem
989 3509 1057 3549 oon-

232 3578 390 3646 llatarium,
407 3583 435 3635 et
463 3579 541 3636 sieut
568 3579 681 3650 paleam
710 3580 915 3637 ventilantium
946 3581 1060 3637 sedebit

233 3667 365 3724 aonllans
380 3671 410 3722 et
419 3683 549 3739 purgans
564 3668 641 3722 sicut
656 3685 761 3724 aurum
776 3669 889 3725 etsiout
904 3674 1058 3742 argentum

233 3754 358 3826 (dolueb.
375 3756 424 3821 ιν).
438 3754 473 3810 lit
487 3755 592 3810 iterum
609 3753 693 3810 diait:
710 3755 782 3812 Deae
799 3755 861 3812 dies
878 3757 994 3814 Domini
1009 3775 1059 3816 va·

234 3841 413 3899 uietardens
423 3845 455 3897 ut
466 3841 610 3911 olibanus,
628 3847 656 3899 et
671 3847 772 3900 exuret
785 3861 845 3914 aas,
861 3849 985 3904 etarunt
997 3865 1059 3904 om·

234 3947 287 3988 nes
297 3929 509 4004 alienigenae,et
518 3947 621 3990 omnes
635 3932 685 4006 qni
698 3933 809 3990 iaciunt
818 3933 1015 4008 iniquitatem,
1027 3944 1061 3997 ut

231 4017 372 4093 stipulam
389 4019 524 4077 inoendet
539 4037 589 4077 eas
599 4021 662 4077 dies
673 4019 734 4091 illa,
745 4038 809 4094 qua
826 4025 905 4080 venit
918 4025 990 4082 dicit
1003 4027 1059 4083 Do·

231 4107 331 4164 minus
345 4107 541 4180 omnipotens,
557 4111 654 4165 elnon
666 4109 848 4182 relinquetur
859 4112 953 4182 radix,
964 4131 1060 4188 neque

229 4196 343 4270 palmes
358 4197 483 4271 (datach.
501 4199 556 4267 ιιι).
568 4197 650 4255 illius
660 4200 779 4255 verovir
789 4200 1001 4260 desideriorum
1018 4205 1059 4261 ita

229 4286 300 4344 diait
311 4303 318 4342 :
331 4287 366 4342 bt
381 4302 447 4343 eece
456 4286 591 4344 videbam
604 4292 633 4343 st
646 4287 743 4344 throni
758 4290 844 4361 positi
861 4294 968 4348 suntet
983 4294 1058 4349 anti·
1112 4333 1236 4405 Signum
1250 4333 1298 4390 hio
1313 4339 1412 4391 autem
1427 4335 1523 4394 crucis
1536 4335 1734 4411 intelligamus
1753 4337 1782 4389 ut
1798 4325 1892 4386 fidem,

228 4375 429 4475 ‘dimidium
438 4374 599 4476 &diuidet
606 4375 812 4478 indumentum
824 4378 888 4450 ejus
899 4381 1057 4440 &umidum
1107 4423 1192 4494 juxta
1201 4421 1371 4480 Zachariam
1383 4427 1411 4480 et
1424 4423 1569 4483 ioannem
1584 4425 1679 4484 Judei
1695 4437 1775 4497 quam
1787 4426 1892 4487 pompan-

230 4467 308 4519 sreut
324 4481 383 4532 nix,
400 4467 429 4520 ot
442 4462 541 4536 capilli
556 4468 661 4537 ospitis
676 4480 740 4537 epus
755 4471 831 4524 siout
847 4465 915 4525 lana
930 4471 1056 4528 munda:
1072 4491 1096 4556 D
1574 4471 1581 4494 '

229 4549 326 4606 throni
343 4551 407 4622 ejus
422 4551 500 4624 ignis
514 4567 648 4608 exurens.
668 4552 787 4609 Fluvios
802 4554 906 4628 igneus
921 4560 1058 4616 currebat
1111 4510 1427 4612 xerunt'Autvfflssud]
1435 4506 1893 4612 “impia'‘triumphmitss’iuiitiic

229 4643 297 4696 aute
312 4639 580 4714 ipsumludiaium
592 4640 743 4698 constituit
757 4647 786 4698 et
798 4641 864 4698 libri
881 4647 972 4718 aperti
988 4653 1058 4705 sunt
1112 4597 1893 4676 plangenwmnesimbusmm'phngenthlqfflmumm.

142 4800 147 4808 ι
229 4729 314 4802 (Dea.
325 4731 384 4798 ιιι).
401 4729 436 4786 bt
450 4728 538 4802 paulo
553 4733 633 4802 post:
648 4729 681 4785 lii
696 4731 765 4794 vidi,
778 4732 885 4804 inquit,
902 4735 931 4791 iu
946 4735 1056 4795 visione

227 4817 442 4898 noetiseteoae
455 4817 484 4874 in
505 4817 633 4874 nubibus
647 4817 711 4874 omli
728 4820 804 4876 siant
820 4821 912 4879 Filius
928 4823 1057 4884 hominis
1418 4806 1533 4864 CAPUT
1551 4807 1626 4866 Xffl·

225 4907 401 4974 veniebat,et
411 4907 446 4963 de
455 4908 746 4980 usqueadvetuslum
759 4907 873 4966 dierum
885 4913 1057 4984 pervenit‚et
1111 4911 1239 4984 Qualiter
1252 4913 1461 4984 intellipeadam
1472 4918 1521 4981 est,
1533 4913 1604 4988 quod
1618 4915 1737 4972 Chelaita
1755 4892 1892 4966 senuit

226 4993 256 5047 in
273 4999 429 5069 conspeetu
441 4996 506 5068 ejus
522 4983 639 5052 ulalatus
650 5001 704 5064 est,
717 5001 745 5052 et
758 4997 813 5069 ipsi
828 4999 914 5058 datus
925 5007 970 5058 est
979 5003 1058 5075 prin·
1229 4983 1306 5050 wib
1318 4983 1496 5056 dimum-⁹
1509 4988 1545 5043 δῖ’
1558 4989 1633 5046 viimi
1647 4991 1673 5044 ‘l
1685 4991 1801 5041 mmm·

227 5081 353 5151 oipatns,
371 5089 399 5140 et
416 5084 518 5153 bonor,
534 5090 562 5140 et
578 5099 712 5156 regnum,
724 5091 753 5142 et
766 5103 868 5144 amnes
880 5090 990 5164 papuli,
1006 5092 1056 5148 tri·
1143 5090 1211 5146 lam
1219 5106 1286 5147 vero
1295 5090 1332 5146 de
1339 5089 1454 5148 Christo
1465 5093 1640 5149 eonfitemur
1648 5075 1890 5156 futurumquoniun

226 5167 282 5222 hus
294 5174 323 5224 et
333 5171 438 5245 lingua
450 5173 504 5246 ipsi
518 5173 692 5230 servientl2t
702 5177 832 5246 potestas
843 5177 917 5248 ejus¹
927 5183 1056 5252 potestas
1109 5179 1145 5234 da
1159 5177 1231 5236 aoelo
1242 5183 1381 5236 venturus
1397 5185 1451 5250 est,
1464 5186 1493 5238 et
1506 5182 1586 5240 vivos
1597 5181 1776 5254 judicatums
1789 5187 1816 5230 ac
1833 5177 1890 5258 11¹⁰?

224 5257 331 5314 aetorna
347 5275 484 5330 quianon
500 5261 648 5331 transibit,
661 5265 688 5316 at
705 5279 826 5335 regnum
844 5266 909 5336 ojus
925 5286 982 5324 nan
992 5286 1054 5326 eor·
1108 5271 1187 5324 tuos.
1199 5268 1263 5324 Non
1283 5269 1409 5342 pertinet
1421 5270 1457 5328 ad
1468 5271 1558 5328 vitam
1569 5276 1700 5328 nostram
1713 5283 1771 5341 qua
1784 5260 1823 5318 bio
1835 5265 1890 5328 ἕω·

1146 2645 1224 2702 Siout
1238 2647 1311 2705 euim
1321 2648 1419 2720 salpae
1432 2649 1491 2704 exit
1499 2647 1535 2704 ab
1545 2649 1649 2706 otimte
1664 2647 1779 2722 (diaenle
1791 2646 1815 2702 in
1826 2641 1890 2713 lirun)

1111 2734 1187 2808 gelio
1202 2735 1336 2808 Domino)
1352 2739 1379 2791 ei
1401 2743 1483 2809 paret
1495 2752 1582 2810 aespae
1601 2739 1632 2793 ia
1645 2737 1802 2803 occidentem
1816 2731 1891 2790 itoerit

1111 2823 1242 2880 aduentus
1269 2825 1338 2881 Filii
1365 2825 1485 2882 bominis
1499 2827 1609 2895 (Mattb.
1625 2824 1709 2898 xxiv).
1736 2824 1787 2881 Hoo
1806 2833 1891 2896 quoque

1111 2911 1265 2969 sciendum
1278 2916 1323 2970 est
1337 2913 1414 2987 quod
1434 2915 1586 2972 secundus
1611 2915 1751 2972 Savntoris
1776 2911 1890 2972 adventus,

1111 3017 1168 3057 non
1185 3000 1214 3058 in
1239 3001 1406 3059 humilitate
1421 3007 1455 3059 ut
1474 3002 1571 3076 prius,
1587 3003 1683 3061 sedin
1708 3001 1790 3077 gloria
1801 3000 1890 3056 denon-

1110 3090 1252 3146 stvaudus
1265 3090 1313 3149 sit.
1324 3092 1360 3147 Et
1372 3095 1439 3164 past
1448 3107 1543 3165 pausa
1558 3091 1648 3150 insert
1657 3091 1787 3149 Dominus
1796 3091 1819 3145 et
1830 3084 1892 3142 dicit:

1110 3177 1156 3234 Sol
1177 3178 1369 3237 obscurabitur
1383 3183 1410 3236 et
1433 3180 1501 3238 lana
1520 3197 1578 3238 aaa
1594 3180 1670 3238 dabit
1682 3181 1768 3237 tamur
1787 3179 1893 3242 suamet

1109 3267 1199 3325 stelle
1218 3267 1315 3324 eadent
1335 3267 1367 3325 de
1382 3267 1448 3325 omia
1462 3277 1489 3344 et
1501 3270 1618 3327 virtutes
1642 3269 1765 3327 eoelomm
1780 3277 1891 3323 mnata·

1112 3358 1216 3412 beatur
1230 3356 1334 3430 (ibid).
1346 3357 1409 3414 Non
1417 3356 1615 3416 diminutione
1626 3356 1743 3417 laminis
1752 3353 1856 3428 alioquin
1864 3349 1892 3406 le-

1111 3442 1892 3520 gimussolemseptuplamhabiturumlominis,sadcan·

1111 3533 1261 3607 paratione
1275 3550 1349 3590 vore
1361 3534 1435 3591 lueis
1450 3535 1549 3592 omnia
1564 3536 1736 3594 videbuntur
1748 3530 1824 3590 visuri
1833 3535 1892 3586 tene

1112 3623 1209 3679 hrosa.
1221 3623 1250 3679 Si
1266 3620 1365 3696 itaque
1381 3623 1435 3680 iste
1451 3622 1505 3694 sol,
1516 3627 1568 3697 qui
1581 3643 1660 3684 nuno
1670 3642 1720 3698 por
1730 3619 1892 3680 talamarbem

1112 3702 1892 3785 rutilat,etlunaqueseeundumestiuminareetstella

1113 3817 1177 3872 que
1191 3800 1227 3856 ad
1243 3799 1381 3857 solatium
1406 3801 1500 3858 noetis
1524 3819 1654 3860 aceensa
1677 3805 1754 3868 suut,
1770 3807 1892 3866 omneque

1112 3883 1892 3963 virtutesquihusangolorummultitudinesintelliglnua

1113 3977 1143 4032 in
1158 3977 1286 4034 adventu
1297 3977 1406 4035 Christi
1415 3978 1492 4036 inter
1503 3980 1641 4038 tenebras
1652 3977 1848 4054 reputabuntur,
1860 3969 1893 4024 dt·

1112 4065 1240 4123 auliatur
1250 4067 1440 4140 supercilium
1456 4084 1558 4125 eorum
1570 4070 1621 4143 qui
1630 4086 1661 4126 se
1672 4071 1779 4126 sanctos
1788 4061 1892 4119 arbitrar-

1112 4157 1156 4211 tes
1171 4157 1356 4228 presentium
1368 4156 1480 4230 judicis
1495 4174 1553 4214 non
1568 4157 1737 4224 formidant,
1750 4159 1776 4212 et
1787 4157 1841 4210 tuno
1854 4147 1892 4219 (ia-

1112 4233 1891 4320 euitllominuslrarobitsignumsiriinemnnnnb.
1965 4259 1966 4280 ι

1110 4692 1213 4761 patum
1222 4701 1280 4744 nau
1289 4687 1437 4747 habentia
1445 4690 1539 4762 aoelis,
1550 4693 1601 4751 sed
1613 4690 1713 4765 scripti
1724 4689 1786 4746 sunl
1797 4683 1891 4739 utem·
1964 4727 1965 4770 ,

225 5349 391 5417 rumpetur.
402 5347 550 5406 Inhorruit
560 5349 854 5426 Spiritusmensdlgo
863 5353 964 5412 Daniel
971 5358 1054 5414 terri·
1107 5361 1166 5430 tur,
1187 5355 1257 5431 quia
1271 5369 1333 5413 nea·
1346 5357 1377 5415 in
1393 5359 1481 5416 rebus
1496 5359 1587 5433 gestis
1607 5360 1673 5431 ejus
1687 5361 1738 5424 est,
1753 5349 1797 5410 sad
1809 5348 1833 5401 in
1850 5339 1890 5394 int
1962 5369 1963 5424 4

222 5436 345 5490 tussam
357 5434 387 5491 in
398 5433 455 5504 his,
466 5437 1055 5512 etvieionoscspitismeioonturbaverunt
1108 5444 1204 5502 saeculi
1220 5446 1366 5521 gerendis.
1380 5449 1425 5505 Ad
1443 5448 1498 5506 hoo
1513 5449 1647 5522 partinet,
1672 5444 1746 5521 quod
1766 5426 1889 5512 apostola

222 5521 1054 5608 mollibiltiumergaheaagtaoeporintpandentursiae
1107 5539 1227 5594 secutas
1242 5535 1394 5612 adjunxit:
1413 5539 1480 5598 Cum
1492 5540 1615 5601 caretas
1628 5531 1787 5614 apamea
1801 5525 1844 5582 titt
1856 5529 1888 5574 'i'
