3872 6168
70 357 118 414 ist
650 351 825 412 uotiuum
849 350 898 408 UU
921 349 1146 410 rattruut(
1676 353 1735 419 ads

69 513 79 536 i
90 483 219 558 pulisJosu
229 480 306 536 ibant
315 479 380 553 ipso
390 481 436 536 die
446 481 474 537 in
486 480 651 553 castellum,
663 482 739 555 quod
752 487 813 538 erat
822 480 853 537 in
868 485 895 550 Α
911 497 992 536 mam
1004 481 1596 556 milliariumpervenerant,quandoillum
1605 487 1633 544 in
1642 491 1739 563 sepul-

67 573 164 646 «spatio
174 571 326 626 stadiorum
341 570 492 642 sexaginta
507 571 543 626 ab
554 571 728 636 Jerusalem,
741 569 858 627 nominc
912 570 1738 638 eroeolloootumdidicerant.Verumootavumdimidiam

66 665 212 718 idumeus.
223 681 236 711 »
251 659 284 714 Ut
295 657 417 731 reliqua.
436 662 465 715 ln
484 660 601 716 exordio
621 660 711 732 hujus
724 659 857 716 lectionis
910 659 1173 731 perfecerant,quia
1183 678 1249 718 earn
1261 661 1343 734 prius
1358 669 1593 720 resurrecturum
1609 665 1739 722 oreDidd-

64 751 124 808 solet
137 764 237 804 movere
251 746 405 804 nonnullos
419 747 455 802 ad
472 749 662 820 querendum
673 747 794 822 qnidam
809 749 857 805 isti
911 751 988 812 rant,
1006 747 1057 803 sed
1072 765 1106 804 ex
1120 750 1184 821 eJ‘us
1200 751 1411 807 resurrectione
1426 750 1507 807 dubii
1524 753 1560 808 ab
1576 752 1739 811 Jerusalem

64 835 241 908 duodiscipuli
253 835 371 904 luerint,
392 835 441 908 qui
453 835 573 910 ipsedie
585 835 805 894 resurrectionis
820 838 856 894 sb
911 835 1093 892 recedebant.
1111 837 1166 894 Sed
1183 838 1316 910 quamvis
1337 839 1372 895 de
1386 839 1504 896 Domini
1528 843 1740 899 resurrectione

62 923 195 983 Jerusalem
207 923 377 992 recedentes,
389 925 425 980 ad
437 924 590 982 castellum
602 927 742 982 Emmaus
757 924 857 1000 prope'-
911 923 993 980 dubii
1006 926 1042 981 ab
1054 925 1217 983 Jerusalem
1227 928 1403 997 recederent,
1411 929 1448 985 ab
1457 930 1521 1002 ejus
1530 933 1630 988 tamam
1640 947 1739 989 amore

62 1014 175 1071 raserint.
186 1013 260 1078 Quod
271 1011 349 1068 enim
361 1030 395 1068 ex
405 1013 559 1070 duedecim
571 1014 709 1087 apostolis
725 1032 783 1071 non
794 1017 857 1072 lue·
910 1013 1044 1070 funditus
1060 1031 1117 1070 non
1128 1021 1317 1073 recesserant.
1330 1016 1411 1073 Unde
1426 1022 1455 1074 et
1465 1019 1539 1074 bene
1553 1019 1700 1077 subditur.

61 1104 115 1168 rint,
130 1102 154 1156 in
166 1102 217 1156 irae
231 1101 318 1174 hujus
334 1099 467 1158 lectionis
481 1103 660 1176 evangelista
676 1106 856 1176 comprobat,
947 1125 960 1152 α
977 1103 1011 1157 ut
1026 1104 1083 1176 ipsi
1096 1103 1291 1177 loquebantur
1301 1107 1338 1162 od
1354 1105 1479 1162 invicem
1494 1107 1531 1164 ds
1541 1107 1589 1164 hie
1599 1110 1738 1167 omnibus

60 1208 111 1247 cum
125 1190 188 1246 dicit
201 1205 248 1246 eos
269 1207 401 1247 reversos
416 1191 445 1247 in
461 1191 634 1259 Jerusalem,
660 1197 689 1248 et
711 1193 857 1251 invenisse
911 1213 925 1242 «
942 1207 1007 1264 quae
1022 1191 1199 1249 acciderant.
1216 1194 1414 1250 »Notandum
1430 1199 1527 1251 autem
1544 1197 1613 1268 quia
1629 1213 1687 1254 nou
1701 1199 1738 1254 de

59 1282 220 1352 coumegetos
235 1279 381 1335 undecim.
397 1279 478 1336 Unde
492 1286 612 1355 apparet
626 1299 675 1340 eos
691 1301 723 1338 ex
739 1288 856 1356 septua-
910 1279 1079 1352 superfluis,
1095 1297 1152 1338 nun
1168 1282 1203 1338 de
1224 1283 1445 1356 vacuis,·neque
1460 1299 1495 1340 ea
1508 1301 1573 1357 qus
1588 1286 1624 1342 ed
1639 1287 1738 1344 detra-

58 1367 210 1442 giutoluisse
223 1367 384 1442 discipulis,
396 1385 453 1425 non
465 1371 660 1427 exduodecim
669 1371 857 1444 apostolisiit
911 1368 1035 1425 ctionem
1047 1369 1202 1442 pertinent,
1214 1387 1310 1443 neque
1320 1371 1413 1428 risum
1425 1372 1570 1430 moventia
1580 1373 1739 1446 loqueban-

59 1457 126 1512 unius
140 1473 238 1512 nomen
254 1456 372 1529 quidem
395 1457 473 1514 intra
488 1459 662 1529 declaratur,
678 1461 725 1517 cui
749 1477 856 1517 nomon
909 1460 967 1525 tur,
977 1458 1028 1513 sed
1044 1459 1080 1514 ad
1098 1457 1220 1514 invicem
1230 1459 1265 1514 de
1276 1458 1322 1515 his
1337 1461 1475 1516 omnibus
1491 1477 1549 1534 qua
1559 1462 1736 1533 acciderant,

56 1543 393 1618 dleopbaatuissedieitur:
403 1547 527 1604 alterum
537 1549 857 1623 verononnulliputent
910 1543 1021 1600 scilieet
1039 1544 1165 1617 qualiter
1179 1553 1367 1604 conversatus
1378 1551 1454 1604 esset
1468 1547 1619 1622 innuamus,
1631 1555 1661 1607 et
1674 1551 1738 1608 sine

57 1639 165 1688 vocaturn
176 1634 530 1702 luisseEmmaus,sicutet
538 1637 690 1694 castellum
698 1640 855 1711 qa'oibant,
910 1633 1028 1705 querela
1040 1634 1069 1690 iu
1080 1635 1201 1704 mundo,
1214 1635 1340 1708 qualiter
1350 1637 1435 1710 signa
1445 1641 1474 1695 et
1485 1639 1628 1695 miracula
1639 1654 1739 1713 opera-

55 1727 75 1777 et
88 1723 141 1778 idco
156 1724 336 1796 superfluum
347 1724 442 1782 visum
454 1725 544 1782 tuisse
555 1727 737 1800 evangeliste
752 1733 785 1783 ut
796 1745 854 1784 uno
910 1727 958 1778 tus
975 1723 1024 1790 Sil,
1043 1725 1188 1796 qu⁰m0d0
1204 1724 1279 1780 Odiis
1302 1725 1450 1784 lituorum
1466 1732 1494 1784 el
1508 1727 1664 1784 calumniis
1676 1732 1736 1786 tra-

55 1811 115 1866 brevi
128 1811 263 1869 versiculo
280 1831 372 1870 unum
384 1831 489 1871 nomen
500 1816 672 1888 geminaret.
684 1815 750 1872 Allii
766 1817 853 1873 eiiam
909 1812 988 1869 ditus
1003 1812 1043 1869 sit
1056 1813 1091 1868 ad
1107 1814 1349 1886 crucifigendum,
1367 1816 1492 1888 qualiter
1511 1833 1543 1872 ee
1558 1822 1736 1874 resurrectu-

54 1900 207 1956 arbitrantur
221 1901 300 1958 hunc
315 1903 406 1959 luisse
429 1904 537 1960 Lucem
559 1891 777 1977 evangelistam,
803 1908 853 1980 qui
910 1918 976 1957 rum
987 1902 1169 1974 praedixerat,
1181 1904 1259 1975 quod
1273 1905 1404 1977 nondum
1419 1903 1566 1962 videbant·
1583 1906 1657 1972 Uul&
1668 1921 1737 1980 0¹8⁰

54 1988 94 2043 hec
107 1990 216 2063 scripsit
229 1991 425 2065 evangelium,
441 1997 470 2048 et
480 1993 656 2050 humilitatis
667 2011 756 2050 causa
767 2011 854 2052 suum
909 1990 970 2046 huo
986 1996 1014 2046 ot
1028 1991 1200 2063 hujusmodi
1216 1991 1251 2048 de
1266 1991 1317 2048 illo
1338 1991 1543 2065 loquebantur,
1568 1993 1692 2067 contigit
1705 1999 1737 2050 ut

54 2093 137 2134 nomen
149 2078 273 2136 siluisse.
291 2081 476 2138 Consuetudo
487 2083 564 2138 enim
576 2087 621 2139 est
631 2088 798 2140 sanctorum
811 2091 854 2151 ut,
909 2079 997 2135 otium
1007 2079 1101 2149 illum,
1115 2097 1202 2152 quom
1219 2082 1370 2138 obsetdffln
1384 2082 1536 2155 putabunt,
1548 2083 1738 2156 corporaliter

52 2182 101 2221 cun
115 2168 146 2224 de
159 2183 189 2224 se
204 2167 279 2226 mim
301 2173 328 2224 et
348 2185 456 2243 magua
470 2171 642 2248 loquuntur,
659 2175 777 2245 propter
800 2191 853 2230 ca·
907 2168 1081 2238 viderent,et
1092 2169 1121 2224 in
1133 2169 1179 2225 his
1189 2169 1278 2226 etiam
1289 2171 1324 2226 ad
1335 2167 1462 2248 litteram
1473 2187 1557 2228 suam
1569 2171 1738 2244 promissio

52 2255 152 2311 stodiam
175 2257 364 2326 humilitatis,
386 2259 428 2314 sio
443 2261 478 2316 de
494 2277 548 2316 aaa
570 2278 694 2334 persona
719 2263 802 2334 quasi
818 2264 854 2319 de
909 2275 976 2314 nem
988 2257 1131 2315 ll01ntm¹³
1146 2257 1328 2332 fldlfflPlb'tssli
1346 2260 1374 2314 Π]
1389 2276 1447 2331 ‘lua
1459 2259 1549 2315 dl⁰ll²
1576 2283 1590 2310 «
1606 2261 1659 2317 Ubi
1674 2261 1736 2317 fue·

50 2342 124 2400 aliena
144 2345 312 2418 loquantur,
328 2347 405 2403 sicut
430 2349 543 2422 Moyses
568 2350 671 2406 iecisse
695 2350 852 2422 invenitur,
909 2346 1334 2421 riutduoveltroseongrogoti
1350 2348 1512 2404 innomine
1527 2365 1601 2418 meo,
1618 2349 1735 2406 ibtsum

51 2435 87 2503 qui
100 2436 135 2490 sio
149 2436 182 2492 de
196 2454 227 2492 se
243 2436 331 2510 quasi
341 2437 377 2493 ds
388 2438 444 2494 alio
456 2439 638 2512 loquebatur,
655 2440 773 2498 dicens:
789 2465 803 2492 «
820 2443 855 2498 lit
909 2437 938 2491 in
955 2437 1051 2493 medio
1071 2454 1171 2493 eorum
1187 2437 1289 2510 (docti.
1305 2441 1395 2507 xvru).
1409 2460 1422 2487 a
1440 2437 1520 2494 Unde
1535 2443 1563 2494 et
1578 2439 1734 2496 subditur:

49 2529 95 2577 erat
108 2524 212 2598 Moyses
226 2527 273 2583 vir
289 2527 464 2583 mitissimus
486 2545 576 2602 super
588 2546 691 2586 omnes
707 2531 851 2602 homines,
944 2548 957 2575 u
975 2527 1009 2581 lit
1025 2527 1133 2582 sactum
1150 2529 1204 2595 est,
1216 2527 1286 2582 dum
1298 2527 1648 2584 lblulutbuturelsocum
1662 2543 1737 2601 qute-

50 2609 85 2681 qui
98 2615 282 2671 morabantur
304 2615 335 2670 in
361 2621 438 2674 terra
458 2618 551 2687 (ilum.
569 2622 609 2687 u).
629 2641 642 2668 n
668 2619 810 2676 Similiter
826 2627 853 2677 aa
910 2635 924 2666 a
935 2619 1040 2683 rerent,
1048 2615 1146 2688 etipse
1155 2615 1487 2688 Jesusapprepinquans
1498 2616 1559 2672 ibat
1567 2633 1636 2672 cum
1646 2616 1736 2674 illis.»

48 2699 129 2757 butus
138 2703 189 2759 Job
200 2703 235 2758 de
246 2721 291 2771 se,
303 2705 387 2777 quasi
398 2706 433 2761 de
444 2705 501 2762 alio
517 2707 570 2762 ait:
583 2730 597 2758 ι(
613 2707 663 2763 Vir
673 2713 735 2764 erat
749 2707 778 2763 io
795 2712 852 2764 tor·
908 2703 962 2758 Ubi
971 2703 1735 2777 notandumquia‚luxtamentisillorumqualitatem,

50 2789 138 2858 relius,
148 2794 263 2849 nomine
274 2793 408 2867 Joleol.
422 2796 451 2868 ι).
462 2818 476 2846 i
487 2795 539 2860 Qui
552 2796 628 2851 enim
642 2797 749 2852 Lucam
759 2814 850 2853 unum
907 2791 1051 2848 Dominus
1066 2809 1152 2847 suam
1163 2791 1299 2848 formavit
1309 2792 1531 2864 apparitionem.
1549 2792 1593 2848 llli
1608 2793 1689 2850 enim
1704 2793 1734 2850 ia

49 2891 74 2932 ex
85 2878 123 2935 bis
135 2881 246 2940 duobus
269 2883 425 2956 discipulis
441 2885 532 2941 luisse
549 2891 663 2958 putant,
690 2888 852 2942 secundum
907 2881 993 2938 eorde
1009 2880 1324 2949 Dominumamabant,
1336 2881 1387 2938 sed
1399 2881 1434 2938 de
1444 2882 1509 2954 ojus
1522 2881 1735 2940 resurrections

49 2963 246 3042 hocexemplum
259 2989 350 3030 suum
362 2973 594 3031 nomensituisse
604 2975 716 3030 dicunt.
725 2976 780 3031 Sed
791 2976 854 3048 qui·
907 2969 1090 3026 dubitabant.
1110 2970 1251 3027 Dominus
1267 2975 1365 3026 autem
1381 2971 1424 3028 eis
1438 2970 1470 3028 iu
1485 2985 1605 3045 corpore
1615 2987 1734 3045 appare·

49 3051 101 3110 libet
116 3056 215 3116 horum
231 3061 332 3128 suerii,
353 3061 506 3118 sciendum
521 3067 575 3130 est,
593 3063 713 3134 quiade
737 3063 852 3120 Domini
907 3059 968 3126 bat,
984 3059 1035 3114 sod
1050 3059 1118 3132 quis
1132 3064 1209 3116 esset
1230 3076 1288 3115 non
1312 3060 1542 3116 demonstrabat·
1568 3060 1642 3125 Qut&
1664 3075 1733 3134 trgu

48 3147 231 3205 resurrectione
246 3149 333 3206 dubii
349 3150 385 3206 ab
400 3150 564 3207 Jerusalem
581 3151 763 3218 recedebant,
775 3153 852 3224 quod
907 3148 1046 3204 amabant
1060 3149 1214 3206 videbant:
1227 3148 1297 3221 quis
1311 3165 1377 3205 vero
1392 3150 1428 3206 de
1443 3151 1513 3222 ejus
1523 3149 1735 3206 resurreetione

48 3231 182 3291 aousolum
193 3237 305 3304 verbis,
317 3239 366 3294 sed
378 3238 467 3295 etiam
480 3239 561 3295 lactis
571 3239 627 3312 ipsi
638 3241 849 3297 demonstrant.
867 3225 888 3292 C
907 3238 1091 3304 dubitabant,
1102 3254 1168 3294 eum
1184 3254 1272 3311 quem
1288 3238 1434 3310 videbant,
1450 3255 1508 3295 non
1524 3239 1733 3313 agnoscebant.

49 3319 87 3383 Qui
96 3323 164 3379 enirn
176 3343 271 3399 usque
283 3324 314 3382 in
325 3327 442 3384 tertiam
453 3328 531 3385 diem
541 3328 570 3384 in
581 3327 740 3385 Jerusalem
753 3345 853 3402 exspe-
908 3327 964 3382 Sed
977 3327 1047 3398 quia
1057 3327 1121 3399 ips'a
1131 3327 1274 3383 dubitatio
1286 3327 1315 3383 in
1326 3326 1443 3384 illorum
1456 3327 1648 3384 mentibusex
1657 3328 1734 3384 auti-

48 3412 179 3482 ctaveraet,
190 3417 376 3472 estimantes
386 3434 453 3473 eum
462 3418 601 3474 tertiudie
609 3424 853 3489 resurrecturum,
909 3416 959 3488 qui
975 3416 1068 3472 bostis
1080 3417 1195 3473 insidiis
1206 3423 1276 3472 neta
1287 3417 1390 3486 lucrat,
1402 3422 1478 3473 reete
1493 3417 1698 3489 subjungitur:

49 3494 174 3572 sicutipse
189 3493 380 3576 promiserat,
398 3507 466 3579 quia
482 3507 669 3579 sponsionem
693 3524 751 3564 non
774 3507 854 3564 vide.
945 3527 959 3556 «
976 3504 1057 3561 Oculi
1073 3510 1170 3561 aulem
1188 3505 1306 3562 illorum
1318 3505 1503 3575 tenebantur,
1516 3522 1553 3562 ne
1568 3521 1635 3562 eum
1650 3519 1737 3579 agno·

49 3591 105 3654 rant,
115 3590 292 3664 dubitantes,
302 3593 337 3650 ab
346 3594 509 3652 Jerusalem
520 3596 766 3654 recedebant.Sed
777 3597 856 3671 igno·
910 3617 924 3646 «
940 3597 1088 3650 suerent.»
1108 3595 1295 3651 Tenebantur
1305 3594 1383 3651 enim
1393 3593 1511 3652 illorum
1526 3593 1613 3664 oculi,
1630 3595 1690 3650 sive
1701 3596 1737 3650 ab

49 3679 164 3737 scendum
179 3688 223 3740 est
237 3698 344 3740 eorum
363 3682 522 3758 fragilitati,
535 3685 686 3757 quoniam,
698 3685 775 3742 sicut
785 3685 856 3742 dicit
910 3683 974 3757 ipsa
984 3683 1177 3751 dubitatione,
1189 3685 1248 3741 sive
1258 3684 1294 3741 ab
1305 3683 1738 3757 antiquihostistentationeme

49 3769 208 3840 evangelista,
221 3772 855 3847 nondumeratSpiritusdatus,«quialcsus
910 3789 978 3829 eum
994 3789 1080 3846 quem
1095 3773 1233 3830 videbant
1247 3790 1421 3847 cognoscere
1443 3779 1573 3846 possent.
1590 3774 1644 3840 Qui
1659 3773 1738 3829 enim

49 3857 155 3913 nendum
167 3860 260 3917 luerat
276 3859 460 3934 glorificatus
475 3863 568 3931 (loun.
584 3867 673 3933 v11.)»
687 3863 768 3920 Unde
784 3864 857 3920 bene
911 3863 1028 3934 propria
1043 3862 1148 3917 virtute
1164 3879 1181 3916 a
1196 3863 1320 3918 mortuis
1335 3863 1503 3932 resurrexit,
1519 3863 1549 3917 in
1565 3879 1625 3935 qua
1643 3861 1739 3936 speeie

51 3943 153 4010 spatium
175 3947 306 4017 itineris,
322 3966 380 4022 quo
397 3951 565 4019 tendebant,
591 3968 691 4008 eorum
708 3953 856 4010 mentibus
909 3949 1012 4018 voluit,
1024 3949 1177 4022 discipulis
1194 3952 1341 4024 apparuit.
1352 3951 1517 4007 Undebene
1529 3950 1605 4007 alius
1620 3967 1738 4024 evange·

50 4043 181 4104 congruere
193 4040 325 4096 videtur.
335 4038 577 4112 Sexagintaenim
589 4041 684 4097 stadie
695 4041 730 4096 ab
741 4041 857 4098 Jerusa-
910 4037 979 4096 lista
994 4039 1082 4095 dicit:
1103 4062 1116 4089 a
1132 4040 1200 4096 Post
1215 4039 1275 4095 hae
1291 4039 1427 4113 apparuit
1447 4040 1563 4096 duobus
1577 4057 1611 4096 ex
1626 4039 1683 4095 illis
1708 4039 1739 4095 iu

50 4114 92 4174 lsn
106 4139 190 4197 usque
204 4129 351 4184 Emmaus
377 4133 571 4186 numerantur
586 4129 720 4186 Stadium
744 4131 823 4186 enim
840 4148 857 4187 e
912 4151 926 4180 α
943 4127 1000 4184 alia
1013 4127 1109 4200 elligie
1123 4128 1219 4196 (diere.
1235 4131 1304 4200 xvi).
1558 4125 1564 4134 “

50 4211 131 4268 stando
151 4215 263 4274 dietum
280 4221 339 4286 est,
355 4217 398 4274 vel
415 4219 579 4284 statuendo,
596 4235 629 4274 eo
645 4219 721 4291 quod
748 4236 857 4277 munus
948 4241 962 4267 a
976 4217 1012 4272 ut
1026 4217 1067 4272 ait
1077 4218 1113 4273 ad
1124 4216 1191 4272 illos
1203 4233 1209 4271 :
1222 4216 1276 4283 Qui
1292 4221 1362 4273 sunt
1373 4217 1403 4273 hi
1415 4233 1565 4274 sermones
1580 4233 1656 4290 quos
1670 4233 1739 4274 eon-

51 4295 145 4368 aliquod
160 4304 189 4360 in
200 4311 283 4364 certe
305 4305 368 4363 loeo
379 4309 556 4362 statueretur
568 4307 604 4363 ad
621 4308 857 4364 exercitationem
913 4330 926 4357 α
944 4306 1026 4362 sertis
1044 4306 1080 4361 ad
1105 4305 1229 4362 invicem
1244 4305 1439 4374 ambulantes,
1456 4307 1569 4362 etesiis
1583 4305 1709 4362 tristes?
1723 4327 1738 4356 u

50 4391 255 4450 currentiumilt
265 4411 337 4451 eum
347 4395 858 4468 apudveteresstadiorammensura
912 4396 975 4451 Non
990 4395 1130 4469 ignorans
1146 4394 1288 4452 Dominus
1303 4395 1493 4468 interrogavit
1506 4396 1585 4468 quod
1603 4394 1740 4467 discipuli

51 4469 141 4534 diverso
155 4479 312 4554 habeatur,
337 4481 459 4556 legitimi
475 4487 571 4539 tamen
597 4485 683 4540 stadii
709 4491 857 4542 auctorem
913 4485 1112 4558 loquerentur,
1138 4484 1189 4540 sed
1204 4501 1238 4540 ex
1252 4501 1354 4541 eorum
1370 4484 1516 4541 locutione
1530 4485 1628 4542 cordis
1642 4483 1741 4557 requi-

51 4555 178 4656 lltrculem
187 4572 323 4640 tradunt,
335 4571 386 4644 qui
399 4572 454 4628 sub
467 4589 525 4628 uno
538 4573 668 4630 anhelitu
684 4579 802 4631 centum
816 4575 857 4630 vi·
874 4598 897 4664 D
914 4573 980 4630 sivit
995 4574 1220 4644 contessionem,
1231 4578 1264 4630 ut
1278 4572 1449 4646 impleretur
1463 4573 1562 4630 inillis
1578 4561 1657 4647 qnod
1672 4571 1742 4630 alibi

53 4652 241 4731 gintiqainque
259 4674 367 4733 passus
383 4659 548 4717 cucurrisse
560 4662 677 4731 dicitur,
691 4679 723 4718 ac
733 4663 858 4735 perboe,
915 4663 1004 4720 dicit:
1022 4687 1036 4715 α
1051 4665 1109 4720 Aut
1123 4681 1157 4720 ex
1168 4681 1217 4720 ore
1227 4667 1277 4719 tuo
1282 4663 1502 4735 justificaberis,
1514 4667 1565 4719 aut
1578 4680 1613 4720 ex
1628 4680 1677 4719 ore
1691 4665 1742 4719 tuo

52 4733 349 4821 illectecomputetun
361 4748 618 4821 sexagintustadia
630 4751 788 4823 septimum
800 4751 865 4807 mil·
917 4753 1159 4810 condemnaberis
1180 4752 1288 4824 (Metili.
1305 4755 1364 4821 xri).
1382 4773 1395 4802 u
1413 4751 1514 4808 Merito
1530 4756 1628 4808 autem
1643 4751 1743 4808 tristes

52 4820 147 4886 lienum
160 4839 189 4890 et
202 4835 363 4893 dimidium
388 4836 544 4909 complent.
568 4839 602 4894 ut
617 4854 667 4895 sex
683 4839 801 4912 quidem
825 4841 860 4897 ad
916 4841 1200 4915 ambulabenl,quos
1211 4843 1283 4898 fides
1297 4841 1517 4898 resurrectionis
1528 4841 1659 4897 noudum
1671 4839 1742 4896 leti-

54 4909 203 4992 borruopera
219 4924 381 4998 pertinent,
392 4926 463 4998 quia
480 4943 531 4982 sex
545 4927 608 4983 diss
623 4931 692 4983 sunt
709 4927 739 4983 ia
754 4929 862 5000 quibus
918 4931 1062 4988 dicaverat.
1074 4931 1210 4988 Nondum
1227 4931 1304 4987 enim
1315 4936 1376 4987 eret
1391 4929 1543 5003 impletum
1554 4929 1584 4986 in
1595 4929 1653 4986 illis
1665 4929 1743 5003 quod

53 4996 105 5058 licet
117 5013 223 5080 operari
236 5030 243 5068 :
257 5018 370 5086 septem
383 5017 482 5070 autem
493 5015 529 5069 ad
540 5015 671 5086 requiem
683 5016 860 5085 animarum,
916 5019 1059 5076 Dominus
1085 5020 1301 5092 repromiserat,
1316 5020 1434 5076 dicens:
1460 5043 1475 5070 «ι
1491 5019 1622 5076 Tristitia
1647 5022 1744 5076 vestra

53 5089 107 5158 (itit
116 5099 235 5171 septimo
246 5103 295 5160 die
306 5102 447 5175 requievit
454 5103 862 5177 Deusabomnibusoperibus
915 5112 1044 5186 vertetur
1058 5107 1088 5163 in
1104 5108 1245 5180 gaudium
1260 5111 1349 5178 (Joaa.
1365 5110 1438 5183 xvr):
1452 5131 1466 5157 »
1482 5110 1533 5165 sed
1544 5109 1639 5165 adhuc
1651 5109 1681 5165 in
1695 5108 1746 5165 illa

53 5179 114 5236 suis:
125 5192 186 5244 octo
199 5192 236 5246 ad
251 5191 507 5260 resurrectionem,
519 5193 698 5267 quiaoctavo
709 5194 756 5250 die
766 5194 863 5250 Domi·
919 5197 1066 5254 sententia
1089 5199 1272 5264 tenebantur,
1300 5215 1363 5270 que
1377 5198 1436 5255 ait:
1463 5223 1477 5252 u
1494 5199 1622 5257 Mundus
1646 5205 1745 5257 autem

55 5281 98 5325 aus
119 5281 284 5336 resurrexit.
310 5281 344 5337 ut
368 5298 419 5354 per
443 5281 629 5339 Salomonem
651 5283 776 5341 dicitur:
793 5307 807 5335 n
822 5285 865 5340 Da
919 5285 1069 5359 gaudebit,
1079 5303 1131 5343 vos
1145 5302 1211 5342 vero
1226 5285 1417 5345 tristabimini
1428 5289 1532 5362 (loisilz
1545 5312 1559 5340 »
1576 5290 1649 5346 Nam
1660 5291 1746 5362 eujus

54 5365 134 5458 listas
151 5372 275 5439 septem,
297 5387 409 5426 necnon
425 5375 454 5427 et
478 5375 541 5427 octo
564 5372 665 5444 (Eccle.
680 5375 729 5441 xi).
746 5395 760 5424 n
776 5373 865 5439 Quasi
920 5376 959 5432 rei
970 5375 1063 5450 gratia
1073 5376 1171 5433 tristes
1181 5375 1358 5445 incederent,
1371 5395 1448 5436 unus
1458 5396 1570 5450 eorum,
1583 5379 1630 5437 oui
1640 5395 1747 5436 nomeu

55 5456 118 5504 emm
130 5452 264 5529 discipuli
281 5459 328 5516 isti
341 5463 456 5516 sextum
472 5459 643 5516 milliarium
659 5478 726 5518 eum
742 5463 865 5519 Domino
919 5465 1070 5538 cleophas,
1086 5464 1223 5533 ostendit,
1241 5481 1308 5522 cum
1324 5466 1381 5525 ait:

54 5545 234 5611 cucurrerant,
251 5548 368 5620 quando
388 5548 495 5605 eumin
508 5548 713 5621 praeseutivita
731 5549 760 5606 in
781 5550 865 5608 bonis
956 5579 970 5608 «
986 5553 1029 5610 Tu
1046 5554 1127 5611 solus
1152 5555 1323 5629 peregrinus
1335 5575 1367 5614 cs
1392 5557 1420 5614 in
1435 5559 1609 5626 Jerusalem,
1635 5561 1663 5615 et
1688 5569 1745 5613 nen

55 5624 866 5718 oparitusconversontemviderant.Quasienimadsepii-
920 5668 934 5699 a
951 5643 1111 5721 cognovisti
1127 5663 1191 5722 que
1207 5645 1283 5704 tacta
1297 5653 1368 5708 suut
1381 5647 1412 5706 in
1423 5648 1473 5707 illa
1483 5649 1529 5709 his
1540 5647 1690 5706 diebus‘i»
1706 5643 1745 5700 tto

196 5761 329 5830 Parnoi.
352 5765 487 5832 cxviii.
1550 5773 1588 5836 td
