3872 6168
60 377 104 440 m
639 356 1112 448 nmmmmmm
1667 371 1726 434 Q

57 507 143 582 pejus
166 513 253 560 arncrc
279 493 406 571 emplius
435 493 625 554 exardescant
649 499 679 551 et
704 492 734 550 in
758 491 843 551 laude
860 492 969 560 Aoum
985 493 1727 570 caeterisevangelistisccnfcrat,multadsrnireca-

56 595 189 674 prcfrciant3
204 585 304 660 injusti
320 589 417 644 autem
432 590 515 644 tanto
525 583 656 642 deterius
666 582 846 640 confundas·
901 580 937 638 lis
946 583 1104 642 salvatoris
1114 584 1143 642 in
1159 585 1222 658 ejus
1233 585 1343 660 scripta
1352 586 1485 661 reperiet,
1497 587 1728 663 quainloaanis

54 693 98 752 tur,
112 685 205 756 quanto
224 693 319 750 magas
333 675 423 733 tantis
437 673 588 732 beneficiis
611 673 787 730 exstiterunt
801 671 846 730 in·
899 673 1055 748 Evangelio
1069 691 1127 731 non
1143 673 1299 743 habentur,
1315 675 1455 748 quoniam
1469 675 1608 746 loannes,
1621 681 1673 752 qui
1684 681 1726 739 ul-

51 774 119 850 grati,
140 770 208 826 sicut
221 766 362 838 scriptam
379 769 422 822 est
435 783 442 820 ε
467 787 480 816 ιι
497 765 530 822 st
544 763 654 820 videbit
668 779 736 819 eona
749 761 845 819 omnis
900 763 992 819 timus
1005 780 1092 820 suum
1104 762 1291 836 Evangelium
1303 765 1429 838 scripsit,
1441 767 1520 838 quod
1531 767 1567 824 ab
1578 766 1644 824 aliis
1655 769 1726 826 scri·

52 862 141 926 nculns,
152 861 176 914 et
188 854 235 928 qui
245 871 313 910 eum
323 851 745 927 pupugerunt,etplangentse
757 869 846 925 super
900 856 984 924 ptum
999 854 1088 920 novit,
1105 853 1206 910 multis
1220 853 1250 909 in
1265 853 1337 910 locis
1353 855 1547 927 pretermisit.
1564 857 1620 914 Sed
1630 874 1682 914 neo
1696 858 1726 918 in

50 967 101 1008 enm
114 961 203 1004 omnes
218 943 313 1000 tribus
328 945 411 999 terrae
426 941 516 1014 (dpcc.
532 940 565 1012 ι).
579 963 593 992 ιι
609 940 661 997 Vel
675 945 752 998 certe
766 941 845 996 cica·
900 946 1027 1014 quatuor
1055 941 1275 1016 Evangeliorum
1298 941 1381 998 libris
1396 943 1496 1000 omnia
1516 944 1658 1004 miracula
1673 952 1726 1004 tlo-

50 1042 117 1098 lriccs
129 1035 277 1102 clavorum,
292 1035 321 1086 et
334 1030 441 1087 lancee
456 1027 638 1102 apertionem
650 1029 793 1086 Dominus
802 1031 846 1087 le·
900 1030 974 1087 mini
989 1031 1098 1104 scripta
1114 1031 1269 1099 habentor,
1281 1030 1358 1088 sicut
1371 1031 1499 1089 loannes
1514 1032 1544 1090 ia
1555 1033 1628 1090 calci
1642 1038 1729 1092 teste·

49 1145 88 1186 sus
100 1123 217 1182 Christus
232 1120 262 1175 ia
281 1136 368 1176 carne
382 1136 437 1176 sua
451 1135 599 1174 reservare
613 1117 713 1185 voluit,
731 1124 765 1175 ut
779 1119 845 1192 ipsa
900 1124 958 1188 tur,
975 1119 1092 1176 dicens:
1108 1143 1122 1172 ιι
1139 1121 1213 1175 Sunt
1233 1123 1331 1176 autem
1347 1124 1376 1176 ot
1389 1119 1448 1176 alia
1463 1120 1565 1189 multa,
1581 1139 1645 1194 que
1660 1125 1729 1182 fecit

49 1207 844 1288 ejusvictoriamdeantiquohosteostendant.Sicutenim,
898 1207 994 1274 lasus,
1007 1225 1071 1280 quae
1087 1209 1112 1263 si
1127 1207 1295 1264 scribantur
1309 1224 1361 1281 per
1371 1208 1497 1280 singula,
1511 1225 1564 1265 nec
1575 1210 1673 1282 ipsum
1683 1230 1727 1270 ar-

48 1304 107 1360 corbi
113 1299 206 1374 gratia,
214 1296 299 1354 miles
307 1295 498 1365 fortissimus,
510 1312 576 1352 cum
582 1297 778 1370 jubentcrege
789 1295 845 1352 sia·
899 1295 990 1352 bitror
1005 1297 1149 1352 mundum
1160 1313 1262 1369 capere
1272 1313 1357 1369 posse
1367 1313 1426 1360 eos,
1439 1296 1489 1368 qui
1500 1297 1646 1356 scribendi
1656 1306 1727 1358 sunt

48 1391 126 1466 gulare
138 1393 279 1445 sedamen
306 1401 358 1458 pro
384 1383 480 1441 salute
495 1401 555 1440 sure
570 1384 666 1458 gentis
691 1382 799 1452 inierit,
817 1390 844 1442 ct
898 1383 988 1440 libros
1004 1386 1092 1457 (loon.
1109 1387 1177 1454 nst).
1196 1407 1208 1434 ιι
1225 1385 1352 1440 Tantum
1367 1387 1465 1440 autem
1480 1388 1573 1442 saucii
1584 1390 1726 1463 evengeli-

47 1497 96 1538 cum
106 1491 227 1534 reversus
240 1473 392 1530 victoriam
408 1490 468 1528 sue
484 1472 562 1546 genti
579 1472 782 1546 deportaverit,
793 1491 844 1530 ac·
898 1476 949 1530 stre
962 1475 998 1530 do
1010 1473 1160 1530 miraculis
1172 1472 1419 1545 conscripserunt,
1432 1478 1576 1545 quantum
1587 1477 1623 1532 ad
1635 1476 1723 1535 fidem

47 1567 116 1640 ceptis
129 1563 281 1637 aliquantis
297 1561 402 1635 plagis,
425 1561 450 1618 si
464 1560 569 1618 dixerit
582 1560 608 1617 ei
623 1561 755 1618 medicus
770 1580 775 1618 :
793 1563 843 1618 Vis
897 1563 1077 1619 credentium
1087 1562 1332 1619 corroborandam
1348 1562 1575 1636 sufficeraposse
1585 1581 1726 1638 cognove-

47 1657 110 1712 atila
122 1658 147 1710 te
161 1668 270 1720 sanem,
286 1656 320 1707 ut
334 1650 484 1708 cicatrices
506 1651 660 1724 plagarum
677 1667 733 1707 non
750 1668 843 1724 appa·
898 1656 977 1708 runt.
994 1651 1075 1708 Unde
1091 1655 1119 1706 ot
1133 1650 1288 1707 subditur:

45 1749 117 1801 renat:
131 1759 164 1798 an
179 1741 332 1812 utabsque
342 1739 525 1796 deformitate
540 1741 721 1812 appareant?
736 1744 764 1795 et
780 1741 842 1812 ipsc
933 1765 946 1792 ιι
964 1741 1029 1796 Haec
1045 1744 1143 1796 autem
1159 1739 1270 1811 scripta
1284 1742 1363 1804 sant,
1375 1743 1408 1795 ut
1422 1740 1547 1798 credatis
1558 1742 1723 1814 quia-lesus

46 1829 215 1904 responderit:
239 1828 323 1898 Vola,
341 1832 373 1885 ut
388 1829 500 1900 absque
525 1828 708 1885 deformitate
726 1832 840 1884 tantum
857 1861 880 1927 B
898 1833 966 1886 «est
981 1829 1115 1886 Christus
1131 1827 1222 1884 Filius
1237 1828 1297 1884 Dei.
1311 1851 1325 1879 ιι
1350 1828 1424 1895 Quia
1448 1845 1516 1901 ergo
1530 1830 1589 1886 hec
1615 1832 1724 1905 scripta

44 1924 163 1994 rpparcat,
175 1923 320 1992 quatenus
330 1917 714 1974 omnihusmeintuentibus
724 1917 839 1990 signum
897 1923 968 1975 sunt
981 1923 1012 1974 ut
1028 1917 1153 1974 credatis
1166 1911 1238 1992 'qnia
1252 1918 1337 1973 lesus
1347 1920 1392 1972 est
1406 1917 1538 1974 Christus
1553 1918 1644 1976 Filius
1660 1921 1722 1987 Dei,

45 2027 96 2068 nee
114 2005 231 2066 victorie
247 2003 459 2062 manifestent:
483 2003 525 2060 sic
549 2004 734 2062 etDominus
755 2006 841 2062 lesus
896 2008 1048 2064 erubescat
1071 2005 1222 2073 Photinus,
1249 2004 1723 2078 quitantumhominem,etnon
1761 1995 1763 2000 ’

43 2097 149 2154 Christos
159 2095 281 2153 vulnera
296 2093 441 2168 passionis
456 2110 516 2150 sue
531 2093 564 2166 in
577 2092 683 2149 coelum
694 2099 841 2166 reportare
896 2100 987 2152 Deum
1000 2095 1116 2151 credere
1130 2093 1233 2151 voluit.
1243 2094 1301 2150 Nos
1317 2097 1416 2150 autem
1428 2094 1594 2167 evangelica
1602 2095 1724 2153 lectione

42 2185 118 2252 noluit,
130 2189 159 2240 ul
172 2184 235 2258 ipsa
252 2200 322 2240 euro
336 2181 486 2239 victoriam
507 2183 645 2240 habuisse
661 2183 696 2238 de
720 2183 840 2254 antiquo
895 2183 1042 2252 instructi,
1058 2184 1212 2239 credamus
1228 2182 1298 2255 quia
1317 2182 1402 2239 Jcsus
1418 2182 1553 2240 Christos
1569 2183 1659 2242 Filius
1672 2185 1722 2242 Dei

42 2274 104 2330 hoste
116 2274 323 2330 demonstrent.
895 2272 924 2330 iu
940 2290 999 2330 una
1014 2274 1176 2345 cademque
1188 2288 1312 2346 persona
1325 2271 1471 2345 perfectus
1480 2271 1567 2343 Deus,
1578 2272 1723 2344 perfectus

66 2362 236 2435 «Respondit
265 2361 403 2418 Thomas.
430 2383 444 2411 ιι
469 2360 596 2416 Thomas
633 2359 841 2432 iuterpretatur
894 2363 1034 2430 ethome,
1052 2363 1129 2418 Deus
1153 2365 1220 2417 ante
1241 2364 1383 2432 tempora,
1409 2359 1545 2416 bomocx
1572 2365 1721 2434 tempore:

40 2451 138 2522 clenna
157 2451 220 2515 One
242 2449 448 2522 interpretatio
468 2449 595 2505 nominis
610 2452 686 2504 recte
701 2447 743 2504 illi
758 2449 839 2505 con·
895 2455 970 2510 Deus
979 2468 1013 2508 ex
1023 2453 1118 2518 Patre,
1131 2450 1218 2507 bomo
1233 2466 1268 2506 ex
1284 2453 1386 2505 matre.
1403 2448 1477 2514 Quid
1499 2453 1597 2506 autem
1619 2465 1654 2508 ex
1668 2450 1723 2508 heo

40 2539 106 2609 prdit,
121 2539 185 2610 quia
199 2536 279 2596 sicut
294 2538 419 2611 abyssus
429 2537 605 2593 immensam
621 2537 709 2594 habet
722 2539 839 2610 profun-
894 2540 1066 2598 credulitate
1079 2555 1304 2612 consequamur,
1321 2537 1528 2593 manifestatur
1542 2553 1609 2594 cum
1623 2540 1722 2596 subin-

40 2627 144 2694 ditstem,
155 2627 195 2684 aio
206 2627 272 2700 ipse
286 2625 432 2699 palpando
447 2625 632 2682 Dominicum
648 2643 763 2699 corpus,
775 2645 840 2699 pro·
893 2631 1003 2686 fertur:
1018 2651 1029 2678 ι
1042 2629 1076 2684 itt
1092 2632 1124 2682 ut
1138 2627 1299 2693 credentes,
1316 2625 1403 2680 vitam
1418 2625 1550 2682 habeatis
1561 2625 1590 2681 iu
1602 2629 1721 2686 nomine

40 2713 840 2789 fundumdivinitatisiacointellexit,dcquoscriptumcst
893 2741 907 2768 ιι
924 2717 1048 2790 ipsius.»
1061 2717 1091 2772 ln
1104 2715 1221 2772 nomine
1231 2731 1299 2786 ergo
1308 2715 1372 2784 ejus
1383 2711 1441 2769 vita
1450 2713 1546 2781 datur,
1556 2713 1607 2785 qui
1618 2721 1724 2773 semet.

42 2804 143 2861 dedicio
150 2806 333 2878 tuaabyssus
343 2802 532 2873 multa(Pecl.
543 2803 654 2875 xxxvl.»
667 2803 838 2860 Aliudenim
893 2807 990 2879 ipsum
999 2805 1185 2860 credentibus
1195 2803 1351 2874 donatarii
1362 2802 1652 2870 est«via,varitas,et
1661 2805 1720 2861 vila

39 2891 399 2968 palpavitcorpnre,steiiud
412 2891 639 2970 crediditoorde.
652 2892 837 2966 Palpavitho·
893 2896 980 2967 (loon.
996 2894 1064 2964 ιιι),
1083 2914 1093 2942 ι
1111 2891 1265 2964 sicutipse
1288 2889 1358 2946 alibi
1376 2889 1430 2946 ait:
1451 2913 1465 2940 ιι
1482 2890 1547 2946 ileo
1562 2897 1607 2948 est
1620 2896 1719 2950 anem

40 2982 132 3048 minem,
148 2983 274 3040 credidit
291 2987 390 3039 Deum.
415 2982 450 3037 Et
468 2981 532 3038 ideo
551 2979 729 3050 exclamans,
746 2981 835 3038 dixit:
891 2985 951 3040 vita
975 2987 1091 3048 eterna,
1119 2984 1153 3036 ut
1167 2983 1344 3053 cognoscant
1358 2983 1387 3034 to
1402 2977 1612 3037 solumverum
1626 2981 1719 3040 Deum

39 3070 181 3128 «nominas
202 3069 838 3138 meus,etDeusmeus.»Dominusadomi-
892 3075 1016 3145 etquem
1033 3069 1137 3128 misisti
1153 3069 1255 3126 lesum
1270 3067 1420 3124 Christum
1437 3067 1525 3139 (rom.
1541 3069 1619 3142 xvn).
1633 3093 1648 3120 ιι
1696 3125 1698 3132 ¹

40 3161 90 3213 astu
100 3159 219 3228 dicitur;
236 3162 320 3217 Deus
333 3176 350 3215 a
364 3158 477 3225 timore,
493 3159 569 3214 sicut
592 3157 713 3230 quidam
739 3159 776 3216 de
790 3175 837 3216 se·
1158 3199 1311 3258 ΗΟΜΙΗΑ
1323 3199 1452 3256 LXXXII.

39 3250 157 3316 fmbbu‘l
170 3250 260 3308 ‘¹¹⁰³‘
852 3227 874 3295 c
894 3308 1031 3349 noarrnrcn
1046 3306 1174 3347 sacuam
1189 3306 1258 3346 rosr
1271 3305 1388 3358 nasone,
1400 3289 1585 3346 Misericordia
1596 3291 1717 3348 omnini.

108 3382 204 3432 Primus
219 3381 246 3432 in
268 3379 333 3430 orbe
347 3379 411 3431 deos
426 3379 487 3430 fecit
500 3380 588 3431 inesse
603 3381 690 3431 timor.
929 3419 953 3488 (Ι
965 3418 1050 3473 pm·
1068 3419 1109 3484 Η.)
1124 3437 1139 3466 «
1155 3413 1337 3482 ςὴωεεῑωῑ,
1348 3413 1481 3472 Christus
1492 3430 1597 3487 passus
1607 3416 1653 3473 est
1666 3431 1718 3489 pm

40 3500 214 3562 tredernon:
233 3527 248 3556 ιι
265 3505 360 3562 Deum
385 3503 465 3572 time,
487 3507 515 3560 et
537 3504 675 3561 mandata
697 3505 761 3576 ejus
786 3505 839 3561 oh·
894 3531 908 3559 ιι
925 3506 1021 3573 nobis,
1038 3505 1122 3561 nobis
1136 3503 1304 3575 relinquens
1314 3503 1491 3576 exemplum,
1508 3505 1540 3560 ut
1554 3503 1719 3577 sequamini

39 3606 101 3647 serra
120 3595 292 3663 (declani).
311 3615 325 3644 ιι
349 3593 522 3650 illitorum:
551 3615 565 3644 ιι
582 3593 664 3649 'fime
693 3599 783 3650 Deum
812 3599 842 3650 ot
895 3619 909 3648 ιι
926 3593 1049 3668 vestigia
1062 3596 1138 3666 ejus.
1153 3615 1167 3644 ιι
1183 3593 1217 3647 Et
1233 3591 1356 3664 reliqua.
1369 3592 1673 3663 Fratrescherissimi,
1691 3592 1721 3650 ln

40 3680 841 3754 receleamalo.Senitasquippeeritumbilicotuo,et
894 3681 1294 3755 lectioneapostolicaquam
1323 3681 1457 3745 audistis,
1488 3681 1593 3736 heatus
1620 3681 1723 3738 Petrus

40 3765 144 3842 tugano
171 3773 286 3830 ossium
312 3775 430 3829 tuorum
459 3770 652 3842 (Prov.111).»
682 3771 763 3835 Quod
788 3790 841 3829 no·
895 3773 1003 3830 Christi
1019 3770 1195 3828 assimilari
1211 3767 1507 3840 exemplaadmouet,
1523 3769 1641 3826 diceus:

40 3872 90 3912 neu
103 3865 171 3916 recle
185 3860 227 3918 illi
251 3859 447 3918 essentialiter
471 3859 614 3926 convenit,
640 3860 691 3932 qni
714 3864 759 3916 est
782 3861 841 3916 ilex
932 3885 946 3913 ιι
964 3861 1097 3916 Christus
1112 3875 1217 3930 passus
1232 3861 1277 3914 est
1293 3874 1343 3930 pro
1358 3857 1452 3924 nobis,
1463 3857 1546 3914 vohis
1557 3857 1725 3930 relinquens

39 3959 118 4018 regum
132 3953 158 4006 et
171 3947 553 4015 Dominusdominantium,
565 3952 594 4004 ct
606 3948 843 4021 superomniati-
899 3975 909 4002 ι
928 3949 1105 4021 exemplum,
1123 3952 1155 4002 ut
1170 3945 1336 4018 sequamini
1356 3944 1477 4015 vestigia
1491 3945 1565 4016 ejus.
1581 3969 1595 3996 ιι
1625 3945 1655 4002 ld
1670 3950 1724 4014 est,

40 4038 148 4104 umdns,
164 4038 317 4104 colendus,
333 4041 361 4093 et
379 4037 572 4104 venerandus,
589 4037 635 4093 oui
652 4054 703 4110 per
718 4038 841 4110 prophe·
896 4038 973 4110 quod
985 4035 1048 4108 ipse
1059 4033 1251 4090 Dominusait
1264 4033 1294 4089 ia
1306 4031 1576 4104 Evangeliofflnttlt.
1587 4051 1644 4100 nvn
1660 4034 1724 4090 Luc.

41 4125 85 4178 tarn
98 4125 210 4183 dicitur:
228 4151 243 4178 ιι
256 4129 302 4184 Tu
318 4125 396 4182 enirn
410 4125 502 4182 fecisti
512 4125 622 4191 omnia,
633 4124 739 4182 coelum
750 4129 843 4182 etter-
898 4131 950 4196 rx):
971 4147 984 4175 ιι
1001 4125 1030 4180 Si
1047 4123 1113 4195 quie
1130 4121 1191 4178 vult
1206 4125 1272 4194 post
1287 4137 1333 4176 mc
1348 4120 1454 4186 venire,
1471 4120 1595 4192 abneget
1620 4125 1725 4176 semet-

40 4225 95 4276 nm,
106 4221 131 4270 et
146 4215 281 4273 universa
291 4232 356 4288 que
371 4213 436 4271 coeli
450 4214 562 4271 ambitu
578 4214 774 4280 contineatur,
791 4216 844 4271 Do·
897 4215 1006 4288 ipsum,
1020 4235 1033 4262 ιι
1049 4212 1076 4266 id
1094 4214 1138 4266 est
1148 4208 1310 4266 voluntates
1325 4207 1457 4280 proprias
1472 4207 1629 4278 relinquat,
1641 4207 1726 4264 ethei

42 4299 119 4357 ainos
132 4303 335 4362 universorum
350 4308 382 4359 tu
403 4319 434 4359 es
456 4303 570 4374 (Esther.
580 4303 652 4374 nnn).
669 4327 682 4352 ιι
697 4306 842 4369 Quantam
898 4320 929 4361 se
944 4299 1122 4360 omnimodis
1137 4297 1275 4368 subjiciat
1285 4295 1436 4362 voluntati,
1451 4299 1501 4350 «et
1517 4294 1725 4352 tollatcrucem

40 4393 116 4446 antem
129 4391 396 4450 remunerationem
417 4391 523 4448 babeat
539 4393 622 4460 lidos,
639 4393 845 4450 manifestatur
898 4409 1015 4459 suam,»
1033 4389 1061 4445 id
1076 4392 1121 4445 cst
1136 4385 1268 4444 carnalos
1280 4381 1660 4453 mortitiectdeleotationes‚
1673 4405 1687 4434 ιι
1697 4386 1726 4440 et

42 4487 91 4532 cum
104 4481 250 4539 subditur:
898 4485 1105 4552 sequaturmc,
1118 4499 1130 4526 ιι
1139 4473 1242 4531 mundi
1253 4471 1406 4529 desideriis
1415 4473 1566 4544 repugnet,
1579 4476 1724 4544 quantum

67 4590 76 4612 ι
90 4567 156 4625 llicit
169 4571 195 4626 ei
207 4573 298 4628 lesus
310 4588 317 4627 ι
329 4569 402 4637 Ouia
418 4567 514 4626 vidisti
531 4585 588 4634 me,
605 4569 727 4638 Thema,
751 4571 843 4628 credi·
861 4593 883 4658 D
898 4568 992 4626 valeat
1006 4567 1104 4624 divina
1119 4563 1211 4635 gratia
1226 4561 1377 4634 largiente.
1394 4559 1445 4616 His
1464 4559 1543 4616 onim
1568 4559 1674 4625 modis,
1697 4564 1726 4617 et

41 4673 51 4696 ι
64 4652 136 4711 disti:
162 4659 238 4714 beati
263 4659 316 4730 qui
343 4675 400 4716 non
426 4657 561 4714 viderunt
575 4661 603 4713 ct
616 4658 811 4715 crediderunt.
830 4683 843 4708 ιι
899 4659 1007 4714 talibus
1021 4657 1067 4712 bis
1082 4653 1229 4710 similibus
1245 4649 1376 4707 moribus
1386 4647 1507 4720 sanctis,
1518 4646 1626 4705 Christi
1635 4648 1726 4706 debe-

41 4737 63 4794 ln
76 4741 121 4800 hoc
133 4747 279 4804 versiculo
294 4763 352 4804 non
367 4747 462 4804 solum
479 4747 551 4803 fides
566 4747 684 4803 Thomna
698 4748 844 4804 collauda·
900 4763 967 4803 nius
983 4744 1106 4818 vestigia
1120 4741 1213 4815 sequi.

41 4831 84 4895 ill,
98 4835 143 4888 sed
165 4836 256 4892 etiam
287 4841 386 4893 nostra
400 4835 481 4892 salus
506 4836 605 4891 futura
620 4837 796 4908 predicitur,
813 4853 846 4894 ac
937 4859 951 4886 ιι
968 4834 1022 4900 Qui
1038 4836 1189 4907 peccatum
1206 4847 1262 4885 non
1280 4828 1421 4894 fecithoc
1436 4824 1727 4882 inventusestdclus

41 4917 165 4982 sidieeret
179 4927 343 4984 Dominus:
360 4927 403 4982 'fu
419 4925 537 4999 quidem
553 4927 656 4982 heatus
669 4943 710 4996 es,
723 4927 791 5000 quia
805 4927 846 4984 vi·
902 4948 915 4976 ιι
932 4925 962 4980 in
976 4941 1025 4980 ore
1046 4923 1121 4994 ejus.
1140 4944 1153 4970 ιι
1179 4919 1215 4976 Ut
1229 4921 1263 4975 tle
1284 4917 1347 4990 ipso
1373 4914 1586 4990 prophetarit:
1614 4935 1627 4962 ιι
1643 4912 1728 4970 Solus

42 5005 95 5064 disti
102 5029 144 5068 nro
153 5018 181 5070 et
190 5015 356 5084 credidisti,
367 5015 417 5072 sed
433 5019 462 5071 et
476 5012 518 5070 illi
532 5015 608 5070 besti
620 5019 714 5082 erunt,
729 5015 779 5088 qni
789 5033 845 5072 non
903 5012 1052 5070 enimsine
1069 5015 1198 5084 peccato,
1214 5009 1265 5080 qui
1281 5007 1399 5080 peccata
1415 5003 1519 5060 mundi
1536 5001 1635 5060 tollere
1650 5003 1730 5059 venit

41 5092 150 5160 ridentes
163 5121 210 5160 me
233 5121 367 5177 corpore,
389 5103 528 5161 credituri
549 5107 618 5160 sunt
633 5108 739 5160 mente.
766 5105 847 5173 Quod
902 5105 927 5170 (l
938 5107 1022 5161 roan.
1038 5102 1091 5174 ιιι),
1110 5121 1124 5150 ιι
1152 5099 1186 5154 lit
1214 5096 1302 5154 alibi:
1328 5118 1342 5146 ιι
1359 5094 1422 5150 Νοιι
1450 5087 1609 5156 contendit,
1634 5107 1730 5164 nequo

41 5189 189 5247 auhmait:
219 5193 332 5250 «Beati
363 5193 415 5266 qui
434 5209 491 5249 non
516 5191 651 5248 viderunt
672 5197 700 5249 et
715 5193 847 5250 credide·
902 5191 1048 5258 clamavit,
1066 5183 1412 5262 nequeaudivitquisia
1428 5181 1645 5256 plateisvocem
1665 5181 1731 5252 ejus

42 5278 104 5344 ruat,
114 5299 127 5328 ιι
140 5281 281 5351 praeteriti
292 5283 431 5355 temporis
442 5282 527 5338 verbo
539 5299 610 5338 usus
619 5287 674 5352 est,
686 5283 756 5354 quia
771 5283 848 5356 apud
903 5282 1009 5354 (tinttlr.
1025 5279 1087 5350 nn).
1105 5301 1118 5328 ιι
1134 5275 1288 5349 Sequitur:

42 5361 92 5428 elus
105 5369 288 5434 presentiam
303 5369 401 5427 omnia
415 5372 513 5428 futura
524 5371 670 5442 preterita
685 5376 763 5427 sunt.
939 5397 952 5421 ιι
970 5369 1024 5436 Qui
1033 5385 1099 5424 oum
1109 5365 1342 5430 malediceretur,
1353 5378 1410 5417 non
1423 5359 1645 5418 maledicebat.»
1659 5360 1734 5417 Sub·

69 5451 178 5512 anatra
193 5457 316 5530 quidem
332 5458 431 5516 etalio
447 5460 532 5533 signa
546 5458 614 5515 fecit
628 5459 713 5516 lesus
733 5460 762 5514 in
781 5477 851 5517 coa·
904 5459 1005 5517 dolum
1020 5463 1048 5514 et
1063 5454 1259 5522 mendacium,
1276 5469 1327 5508 nco
1352 5450 1493 5507 detractio
1509 5449 1626 5506 inventa
1641 5452 1685 5505 est
1701 5449 1730 5506 in

42 5557 53 5580 ι(
66 5546 154 5609 spectu
166 5545 380 5619 discipulorum
392 5564 511 5605 suorum
522 5564 585 5618 quen
595 5565 652 5604 non
663 5552 733 5603 sunt
743 5549 852 5621 scripta
904 5566 952 5606 ore
967 5550 1041 5620 ejus.
1059 5547 1117 5602 Nos
1127 5560 1194 5617 ergo
1210 5542 1234 5598 si
1249 5540 1385 5597 volumus
1396 5537 1505 5596 imitari
1516 5537 1658 5610 exempla,
1669 5537 1730 5592 hec

43 5645 52 5666 ι
66 5624 90 5682 ia
100 5627 169 5690 libro
185 5634 251 5690 hoc.
267 5659 282 5684 ιι
299 5637 326 5692 Si
343 5635 409 5709 quis
424 5635 610 5708 Evangelium
622 5637 715 5694 sancti
730 5639 851 5696 loannis
905 5639 1006 5694 cadem
1023 5635 1100 5692 mala
1115 5633 1193 5692 omni
1220 5630 1317 5689 stacdio
1333 5629 1424 5687 vitare
1440 5629 1591 5686 dammas.
1607 5625 1730 5682 Omnem
