4018 6178
137 370 172 432 ur
750 359 933 438 ‚nouitio
955 357 1010 461 DE
1029 359 1228 423 TEMPORE.
1804 363 1845 424 98

136 500 281 576 supplices
297 515 367 558 cum
382 497 526 574 Propheta
541 513 695 573 rogemus:
711 519 721 547 a
736 495 805 552 Viae
821 493 961 563 tuas,Do·
978 491 1106 562 Aetium
1122 493 1244 566 triginta
1258 497 1286 549 et
1301 492 1396 549 trihus
1407 491 1652 567 diebusposthaec
1662 495 1698 550 ab
1709 495 1845 568 ingressu

137 592 223 664 mine,
240 591 415 647 demonstra
429 587 512 658 mihi,
528 592 558 646 et
572 587 692 644 semitas
707 589 774 642 tuos
789 585 859 639 doce
876 599 931 640 me.
950 603 964 630 a
1019 581 1120 654 templi
1137 599 1167 638 se
1183 579 1339 648 abstinuit,
1354 583 1437 654 juxta
1456 583 1545 639 ritum
1562 582 1656 656 legis:
1684 599 1741 640 non
1766 584 1844 657 quod

136 683 169 738 Di
183 680 293 736 iterum
311 695 318 735 :
335 701 349 728 «ι
366 678 492 734 Gressus
517 693 600 733 nreos
613 673 715 749 {dirige
730 671 891 730 secundum
907 668 965 726 elo·
1020 668 1182 726 ullomodo
1198 670 1348 743 puritleari
1368 671 1521 744 indigeret,
1537 671 1742 745 quodnuilius
1757 671 1847 744 origi-

137 770 237 844 quium
252 771 351 823 tuum.
371 789 384 814 a
401 765 434 822 ut
449 782 551 822 rursus
568 781 574 820 ε
592 787 607 814 «
624 763 731 820 Perlice
750 777 870 836 gressus
885 773 967 814 meos
1021 757 1096 813 natis
1123 757 1233 830 peceati
1257 758 1373 815 vinculo
1397 759 1552 817 tenebatur
1575 761 1724 827 astrictus,
1740 761 1790 816 sad
1814 763 1848 817 ut

137 857 165 913 in
177 855 292 914 semitis
304 855 411 922 tuis‚ut
422 872 478 912 non
490 850 793 923 moveanturvestigia
803 865 877 904 mea.
888 847 967 903 »Nec
1021 846 1272 914 ostenderet,cum
1285 853 1395 920 quanto
1411 848 1507 904 studio
1519 854 1547 906 et
1556 847 1754 906 sollicitudine
1764 865 1848 906 evan·

138 942 556 1012 solamenteriora,sadetiam
574 959 637 1016 que
658 941 800 998 interiora
820 936 967 1002 sunt,cir-
1022 933 1089 1008 gelii
1119 938 1262 1008 praercpta
1288 935 1441 994 obseruare
1464 938 1634 1004 debeamus,
1650 939 1768 1011 quando
1798 937 1849 994 iila

137 1033 303 1090 cumcidere
318 1033 470 1100 debemus,
482 1031 510 1088 id
527 1035 573 1088 est
586 1033 687 1098 cor,ut
702 1025 967 1084 abstineamusnos
1022 1027 1165 1095 precepta
1187 1022 1292 1088 legalia
1315 1040 1378 1097 que
1404 1043 1455 1097 per
1478 1043 1594 1082 servum
1625 1027 1754 1096 dederat,
1779 1045 1847 1084 cum

139 1121 252 1178 amalis
267 1125 300 1178 et
319 1120 483 1176 immundis
506 1117 743 1194 cogitationibus,
759 1119 789 1171 ot
804 1113 901 1187 pravis
917 1111 967 1168 dc·
1022 1113 1103 1166 tanta
1118 1110 1270 1184 diligentia
1284 1112 1457 1170 observarit.
1465 1115 1618 1171 Decretum
1636 1132 1764 1190 namque
1774 1115 1848 1192 legis

139 1209 357 1276 iactationibus,
373 1211 402 1266 st
416 1209 517 1282 iniquo
532 1221 732 1274 consensu,ne
747 1219 799 1277 per
809 1199 967 1258 assiduita·
1023 1203 1094 1265 erat,
1112 1201 1145 1254 ut
1159 1215 1232 1270 puer
1246 1215 1346 1258 recens
1367 1207 1455 1258 natus
1479 1208 1581 1258 octava
1595 1204 1642 1259 die
1657 1204 1848 1263 circumcide·

140 1303 193 1355 tem
208 1298 412 1372 cogitationis,
425 1297 454 1352 in
471 1311 648 1354 consensum
665 1289 867 1349 delectationis
882 1289 969 1346 cada·
1023 1290 1149 1353 retur,et
1160 1286 1403 1369 tricesimatertia
1414 1291 1460 1346 die
1471 1292 1608 1364 posthac
1620 1309 1755 1350 unacum
1767 1295 1849 1352 obla·

139 1405 211 1454 mus,
228 1387 313 1460 quia,
329 1391 362 1441 ut
378 1383 520 1440 Dominus
536 1384 576 1439 ait
591 1401 597 1440 :
614 1382 654 1438 De
671 1381 756 1438 eorde
771 1383 876 1434 exeunt
890 1376 969 1450 cogi-
1023 1373 1101 1430 tione
1116 1391 1170 1430 sua
1185 1375 1213 1429 in
1228 1377 1337 1448 templo
1353 1385 1585 1450 praesentaretur.
1603 1381 1683 1445 Quod
1699 1381 1781 1439 nulla
1796 1399 1849 1440 ne·

139 1477 258 1532 tationes
276 1473 375 1530 malae.
393 1473 427 1528 Dt
442 1473 519 1528 sicut
533 1471 672 1528 Salomon
691 1485 744 1526 nos
759 1470 907 1533 admonet,
924 1465 970 1520 di·
1024 1461 1169 1527 cessitate,
1182 1463 1231 1518 sod
1249 1464 1310 1520 solo
1324 1464 1473 1523 uoluntate
1488 1468 1631 1526 Dominus
1646 1470 1737 1526 voluit
1752 1473 1850 1531 obser·
1882 1503 1885 1518 ι

140 1581 204 1620 cons
216 1581 223 1620 :
235 1590 248 1613 «ι
262 1563 354 1620 Omni
370 1561 504 1618 custodia
519 1576 603 1617 sorva
617 1575 667 1615 cor
682 1553 925 1629 tuum,quoniam
936 1569 970 1608 ex
1025 1567 1101 1620 vare,
1112 1552 1144 1605 ut
1158 1551 1324 1608 ostenderet
1338 1555 1400 1610 suis
1415 1558 1596 1630 temporibus
1609 1557 1702 1632 legem
1715 1566 1848 1618 sanctam

140 1652 199 1726 ipso
213 1653 276 1709 vita
293 1650 427 1725 procedit
437 1649 527 1722 (Pron.
539 1652 588 1718 ru).
604 1671 617 1696 a
631 1647 710 1704 Hanc
726 1642 907 1718 spiritualem
919 1640 972 1697 cir·
1025 1637 1116 1694 luisse
1131 1643 1160 1694 et
1175 1635 1293 1708 b'onom,
1309 1645 1337 1697 et
1352 1641 1380 1696 in
1397 1643 1495 1716 seipso
1514 1646 1643 1718 regulum
1662 1653 1765 1706 nostrae
1782 1649 1850 1707 reli-

141 1740 353 1798 cumcisionem
369 1737 547 1813 predicabat
561 1735 702 1810 propheta
724 1733 878 1790 tenendam
895 1746 970 1796 esse,
1024 1725 1121 1798 gionis
1137 1727 1276 1801 dignatus
1290 1735 1335 1786 est
1349 1731 1559 1790 demonstrare.
1578 1735 1609 1790 ln
1625 1753 1658 1792 eo
1673 1739 1752 1809 quod
1767 1738 1850 1810 prius

142 1847 203 1887 eum
220 1829 363 1885 dicebat:
383 1824 588 1884 circumcidite
603 1821 745 1898 praeputia
760 1821 890 1878 cordium
907 1834 971 1874 ves·
1025 1814 1169 1886 templum
1185 1815 1280 1873 noluit
1306 1819 1431 1892 ingredi,
1447 1838 1536 1893 quam
1552 1823 1809 1884 circumcideretur
1822 1832 1851 1884 et

141 1910 972 1974 trorumittilerum:circumcidiminiDominoDooves·
1026 1903 1239 1976 purificaretur,
1256 1907 1394 1976 ostendit,
1411 1909 1481 1982 quia
1495 1910 1653 1969 Ecclesiam
1669 1913 1777 1971 intrare
1792 1932 1851 1972 non

140 2010 192 2073 tro,
207 2011 236 2062 et
257 2003 349 2062 nolite
371 2002 579 2060 circumcidere
603 2017 705 2058 carnes
727 1999 860 2073 praeputii
876 1995 973 2054 vestri.
1027 1997 1601 2074 possumus,neccorporisetsanguinis
1616 2003 1680 2074 ejus
1694 2003 1851 2078 participes

141 2095 177 2151 De
187 2095 248 2150 hac
258 2095 325 2167 ipss
337 2093 453 2166 Moyses
463 2091 612 2164 legislator
622 2089 723 2146 ait:ln
737 2083 975 2144 novissimisdie.
1027 2097 1101 2147 esse,
1119 2081 1175 2137 nisi
1202 2082 1283 2155 prius
1308 2085 1344 2140 ab
1369 2086 1520 2162 originalis
1539 2091 1649 2162 peccati
1664 2091 1853 2156 immunditia

142 2183 193 2239 bus
207 2181 405 2240 circumcidet
420 2181 498 2236 Deus
513 2195 563 2236 eor
576 2182 662 2234 tuum
676 2182 705 2234 et
719 2173 905 2233 conseminia
919 2173 973 2229 tui.
1029 2185 1079 2240 per
1093 2169 1274 2241 baptismum
1290 2173 1385 2230 simus
1408 2176 1566 2248 purificati,
1580 2181 1665 2251 juxta
1685 2179 1757 2237 illud
1773 2169 1852 2254 quod

143 2273 174 2328 Dt
188 2272 211 2328 si
223 2270 329 2327 taliter
338 2267 506 2326 circumcisi
515 2267 670 2332 fuerimus,
680 2264 764 2321 ethic
775 2261 973 2319 circumcisio·
1028 2257 1090 2328 ipse
1100 2257 1170 2313 dicit
1183 2275 1189 2314 ε
1202 2258 1288 2315 «Nisi
1301 2261 1367 2333 quis
1378 2269 1498 2320 renatus
1512 2267 1599 2322 tuerit
1613 2285 1647 2324 ex
1662 2286 1738 2342 aqua
1753 2278 1781 2326 et
1792 2259 1853 2343 Spi-
1916 2264 1923 2272 ’

143 2359 185 2415 nis
200 2358 322 2416 Domini
346 2357 505 2430 participes
529 2355 650 2421 erimus,
667 2361 696 2410 et
713 2354 743 2408 in
761 2352 859 2408 tuturo
875 2365 973 2422 regem
1028 2346 1086 2401 ritu
1101 2351 1212 2414 sancto,
1224 2365 1281 2404 non
1293 2353 1389 2422 potest
1402 2351 1511 2410 intrare
1527 2355 1555 2410 in
1570 2373 1693 2429 regnum
1708 2357 1760 2415 Dei
1776 2359 1854 2432 (loon

144 2449 170 2504 in
185 2449 293 2506 decore
304 2463 358 2503 suc
368 2445 466 2501 videre
478 2443 666 2500 merebimur.
676 2444 791 2509 Quanta
802 2446 900 2496 autern
913 2437 973 2512 gio·
1029 2439 1077 2504 ιι).
1090 2457 1104 2486 »
1120 2435 1222 2492 Adhuc
1233 2438 1319 2508 juxte
1333 2441 1521 2498 sacratiorem
1537 2442 1805 2518 intelligentiam,in
1820 2463 1853 2504 eo

145 2536 184 2593 ria
202 2535 401 2610 properanda
413 2533 453 2589 sit
467 2533 505 2602 ei,
519 2531 569 2606 qui
584 2529 775 2604 spiritualiter
789 2525 974 2584 circumcidi·
1029 2523 1106 2594 quod
1122 2524 1205 2596 prius
1220 2524 1362 2598 templum
1380 2529 1492 2604 ingredi
1506 2532 1610 2602 noluit,
1627 2550 1716 2607 quam
1732 2535 1855 2592 circum·

144 2628 197 2694 tor,
205 2625 303 2682 isaias
314 2621 456 2698 propbeta
466 2619 644 2692 indicat,qui
654 2635 720 2676 cum
730 2617 868 2674 dixisset:
881 2639 895 2666 a
905 2615 975 2682 Quis
1029 2611 1183 2682 cideretur,
1200 2616 1228 2668 ct
1242 2613 1306 2672 dies
1326 2618 1538 2688 purificationis
1553 2619 1698 2695 impleret,
1714 2624 1852 2694 ostendit,

145 2715 251 2787 poterit
266 2712 401 2769 habitare
416 2727 450 2766 ex
473 2709 557 2766 vobis
571 2724 637 2766 cum
661 2707 728 2782 igne
744 2707 909 2768 devorante,
924 2709 976 2761 aut
1029 2700 1099 2773 quia
1120 2700 1150 2755 in
1175 2701 1284 2775 tempto
1309 2709 1421 2760 aeternae
1450 2707 1650 2780 beatitudinis,
1667 2713 1744 2784 quod
1766 2717 1810 2769 est
1824 2714 1854 2769 in

147 2791 975 2876 quishabitabitexvobiscamarderib'assempiternis‘l»
1030 2787 1110 2856 eoelo,
1126 2806 1312 2863 nequaquam
1327 2793 1512 2865 intrabimus,
1528 2797 1585 2854 nisi
1602 2797 1630 2853 in
1645 2801 1782 2872 praesenti
1796 2802 1855 2857 vita

149 2892 254 2965 adjecit
269 2889 422 2954 continuo,
437 2888 472 2944 de
488 2885 633 2960 spirituali
650 2884 882 2941 circumcisione.
894 2905 908 2932 a
923 2879 976 2946 Qui
1030 2895 1082 2950 per
1096 2879 1297 2950 poenitentiam
1312 2887 1340 2938 at
1353 2882 1429 2940 hona
1443 2901 1531 2956 opera
1542 2887 1685 2944 fuerimus
1696 2889 1852 2962 purificati,

151 2977 285 3037 ambulat
299 2977 329 3033 in
341 2977 469 3050 justitia,
485 2979 515 3030 et
529 2973 661 3046 loquitur
675 2968 895 3042 veritatem,qui
910 2985 976 3042 pro·
1031 2970 1104 3022 tusto
1119 2966 1279 3039 Propheta:
1293 2993 1306 3020 α
1320 2969 1381 3027 Non
1397 2971 1542 3030 habitabit
1552 2977 1638 3046 juxta
1651 2983 1681 3034 te
1695 2978 1853 3052 malignus,

146 3069 209 3141 jicit
224 3065 381 3125 avaritiam
396 3081 430 3120 ex
444 3062 606 3132 calumnia,
619 3064 648 3117 et
663 3061 771 3118 excutit
785 3075 891 3116 manus
906 3074 977 3115 suas
1032 3071 1125 3126 neque
1141 3059 1353 3128 permanebunt
1368 3058 1471 3132 iniusti
1487 3068 1554 3120 onte
1570 3065 1669 3123 oculos
1684 3070 1750 3123 tuos
1768 3067 1853 3137 (Psoi.

151 3157 185 3214 ab
200 3157 283 3213 omni
300 3170 432 3221 munere,
449 3151 498 3226 qui
514 3151 640 3208 obdurat
664 3167 750 3208 aures
773 3167 842 3207 suas
866 3165 903 3205 ne
925 3164 977 3203 au·
1030 3144 1073 3214 v).
1089 3165 1103 3194 »
1121 3143 1154 3200 ut
1168 3144 1243 3200 sieut
1253 3162 1305 3219 per
1315 3145 1437 3204 Paulum
1449 3149 1574 3207 dicitur:
1588 3177 1602 3202 a
1614 3153 1685 3209 Caro
1696 3159 1723 3210 et
1734 3155 1856 3229 sanguis

150 3247 231 3302 diant
246 3241 470 3316 sanguinem,et
482 3239 594 3298 claudit
608 3238 708 3296 oculos
723 3255 793 3296 suos
807 3255 844 3294 no
857 3236 976 3294 uideant
991 3221 1013 3289 C
1033 3248 1155 3305 regnum
1171 3232 1221 3290 Dei
1243 3251 1300 3290 non
1316 3235 1518 3307 possidebunt.
1536 3239 1634 3312 Neque
1649 3243 1796 3314 corruptio
1810 3243 1857 3298 in-

149 3332 338 3402 malum,istc
353 3332 383 3386 in
396 3328 518 3386 excelsis
532 3326 686 3399 habitabit,
695 3327 879 3382 munimenta
893 3341 977 3381 saxo-
1031 3321 1226 3394 corruptelam
1242 3323 1414 3396 possidebit.
1429 3347 1443 3376 a
1459 3325 1532 3390 Ouia
1547 3327 1623 3385 sicut
1636 3329 1706 3386 dicit
1719 3331 1857 3406 Augusti-

151 3439 214 3478 rum
230 3417 401 3478 sublimitas
416 3418 497 3491 ejas;
508 3417 593 3490 panis
606 3415 631 3473 ei
647 3417 734 3473 datas
749 3417 897 3488 estoque
913 3414 977 3485 ejus
1032 3427 1088 3466 nus
1104 3411 1140 3467 de
1153 3428 1245 3484 agone
1259 3411 1424 3470 Christiano
1440 3431 1448 3470 ι
1465 3414 1585 3473 Coeleste
1601 3434 1707 3491 eorpus
1721 3419 1787 3488 erit,
1805 3419 1855 3476 ubi

152 3510 250 3567 fideles
265 3512 346 3575 sunt,
364 3524 460 3581 regem
484 3507 514 3562 in
539 3506 642 3563 decore
663 3521 718 3562 suo
738 3503 879 3561 videbunt
901 3501 977 3558 oculi
1032 3499 1114 3555 nulla
1126 3500 1282 3573 corruptio.
1301 3501 1351 3558 Vel
1367 3518 1433 3560 earo
1449 3509 1477 3560 et
1501 3506 1635 3580 sanguis,
1649 3523 1736 3580 opera
1760 3508 1857 3564 earnis

152 3599 214 3672 ejus
228 3598 295 3669 (isa.
311 3601 423 3665 xxxin).
436 3618 450 3646 »
465 3594 573 3651 Verum
589 3593 836 3651 considerandum
852 3597 896 3648 est
910 3589 977 3646 dili·
1031 3593 1060 3644 et
1074 3588 1227 3662 sanguinis
1240 3589 1454 3664 intelliguntur,
1474 3597 1503 3650 et
1519 3611 1568 3650 eos
1583 3595 1634 3652 Dei
1659 3613 1782 3670 regnum
1797 3615 1856 3655 non

153 3688 324 3761 gentius,ne
338 3685 411 3742 torte
426 3681 611 3757 spiritualem
623 3681 888 3748 circumcisionem,
898 3679 978 3736 inani
1032 3677 1857 3754 possessuros,quiperseverabiliteristadilexerint.Quod

154 3774 243 3849 gloria
258 3773 445 3846 surripiente,
462 3775 581 3844 propter
594 3771 757 3844 appetitum
772 3769 907 3826 humana
918 3767 978 3824 lau·
1032 3767 1062 3822 in
1075 3767 1169 3839 ipsius
1181 3766 1339 3824 materialis
1354 3767 1455 3842 templi
1467 3773 1683 3829 constructione
1694 3775 1859 3848 prefigura-

154 3863 197 3920 dis
210 3862 459 3934 servemus,quod
475 3877 526 3932 pro
541 3858 633 3916 solius
649 3858 739 3916 divini
750 3857 858 3915 amoris
868 3857 979 3932 gratias
1033 3859 1096 3910 tum
1113 3860 1167 3924 est,
1177 3856 1295 3928 quando
1310 3856 1476 3930 lapidescit
1491 3859 1599 3934 quibus
1614 3863 1720 3919 domus
1735 3861 1784 3919 Dei
1793 3863 1858 3919 ndi·

156 3969 236 4026 agere
251 3953 404 4008 debemus.
414 3949 478 4022 lpse
489 3943 615 4004 enim'se
630 3963 730 4004 amore
745 3945 979 4004 circumcisionis
1034 3945 1120 4001 iloata
1132 3947 1186 4012 est,
1203 3943 1272 4002 alibi
1288 3947 1365 4013 cesi,
1381 3952 1411 4003 et
1425 3947 1495 4004 alibi
1516 3949 1671 4022 deportati,
1687 3950 1717 4008 in
1734 3951 1859 4008 edifica-

156 4040 312 4114 prival,qui
324 4036 505 4112 spiritualem
518 4035 771 4092 circumcisionem
788 4052 846 4090 non
863 4039 981 4108 propter
1033 4033 1111 4090 tione
1126 4033 1233 4089 inventi
1249 4033 1399 4107 leguntur,
1415 4035 1457 4091 ita
1470 4041 1504 4093 ut
1523 4037 1664 4111 scriptum
1681 4045 1725 4097 est
1742 4059 1748 4096 z
1765 4065 1778 4090 «
1795 4039 1857 4097 Non

156 4145 280 4185 amorem
297 4127 361 4194 Dei,
376 4127 428 4184 sed
451 4129 570 4200 propter
592 4124 710 4181 inanem
734 4123 857 4199 gloriam
873 4127 978 4193 servat,
1034 4125 1139 4178 estrox
1151 4121 1248 4179 mallei
1259 4123 1359 4181 audita
1367 4141 1461 4198 neque
1471 4128 1583 4184 securis
1594 4128 1623 4183 in
1636 4130 1723 4186 domo
1732 4128 1858 4198 Domini,

155 4217 181 4272 in
195 4216 326 4290 exemplo
342 4215 574 4280 Sicbimitarum,
592 4213 643 4286 qui
669 4213 839 4287 religionem
854 4213 979 4270 circum·
1034 4227 1101 4267 curn
1112 4211 1304 4267 adificaretur
1316 4213 1365 4282 (Ill
1380 4213 1442 4286 Dap.
1459 4213 1508 4286 vr).
1526 4237 1540 4264 a
1557 4216 1638 4271 Sicut
1652 4217 1730 4272 enim
1745 4217 1860 4280 Jerusa-

155 4305 269 4364 eisionis
298 4321 358 4362 non
389 4308 509 4377 propter
536 4317 667 4358 amorem
695 4301 757 4368 Dei,
786 4301 837 4358 sed
861 4305 981 4374 propter
1033 4299 1861 4377 lemquevuiopacidnterpretotur,celestemsignifieat

157 4393 246 4451 earnis
262 4411 323 4450 suae
338 4390 485 4450 desideria
499 4389 642 4464 explenda
655 4393 849 4463 susceperunt
859 4405 865 4445 :
877 4393 906 4446 et
916 4389 980 4446 ideo
1035 4387 1220 4460 patriam,sic
1231 4388 1336 4444 domus
1347 4389 1397 4446 Dei
1409 4394 1545 4446 aeternam
1557 4391 1705 4463 significat
1719 4408 1785 4447 cum
1799 4392 1858 4448 Deo

159 4498 211 4538 uon
227 4481 325 4540 solum
345 4479 480 4538 mercede
503 4479 607 4552 privati
630 4481 710 4544 sunt,
726 4478 880 4536 sedetiam
896 4478 982 4535 tertia
1035 4475 1245 4532 habitationem
1263 4481 1443 4548 sanctorum,
1460 4496 1523 4552 quae
1539 4479 1859 4555 edificaturexlapidi-

157 4570 199 4627 die
213 4572 332 4645 quando
347 4569 541 4643 gravissimus
552 4565 635 4624 dolor
645 4566 801 4624 vulnerum
811 4567 914 4635 inerat,
924 4567 980 4641 ipsi
995 4589 1019 4653 D
1034 4565 1090 4622 bus
1106 4565 1178 4621 vivis
1194 4567 1221 4621 et
1235 4565 1381 4639 pretiosis,
1395 4566 1424 4623 id
1448 4571 1492 4624 est
1506 4568 1664 4626 animabus
1679 4575 1859 4628 sanctorum.

159 4675 211 4716 una
225 4677 293 4718 oum
309 4657 396 4716 ruina
411 4673 471 4714 suae
497 4655 623 4714 civitatis
645 4656 804 4730 perierunt.
821 4679 835 4708 »
852 4655 980 4730 Dignum
1035 4656 1076 4711 De
1086 4655 1193 4728 quibus
1204 4671 1255 4727 per
1266 4655 1372 4712 isaiam
1386 4657 1558 4730 prophetam
1572 4658 1697 4715 dicitur:
1713 4659 1861 4734 «Lapides

158 4752 196 4804 est
206 4749 294 4818 enim,
302 4751 335 4804 ut
346 4746 395 4820 qui
406 4745 436 4803 in
446 4744 582 4819 prasenti
591 4744 650 4800 vita
659 4743 852 4817 spiritualiter
859 4743 982 4801 circum·
1035 4743 1091 4800 vivi
1103 4743 1254 4800 volventur
1263 4761 1351 4817 super
1363 4750 1479 4814 terram.
1492 4769 1506 4796 »
1518 4747 1552 4803 Di
1562 4747 1667 4804 iterum
1680 4766 1687 4803 :
1701 4771 1715 4800 u
1726 4749 1798 4806 Ecce
1807 4764 1861 4824 ego

158 4835 300 4905 ciduntur,
316 4835 347 4891 in
364 4833 515 4892 meliorem
531 4831 797 4902 circumcisionem,
814 4833 911 4902 idest,
925 4834 982 4890 im·
1038 4837 1166 4889 sternam
1182 4832 1382 4906 perordinem
1398 4833 1511 4908 lapides
1526 4839 1602 4902 tuos,
1615 4839 1643 4892 et
1655 4836 1782 4894 landabo
1793 4842 1821 4894 te
1831 4837 1862 4893 in

160 4923 307 4982 mortalem
323 4941 389 4997 qua
405 4921 515 4996 sanctis
530 4921 709 4997 repromissa
721 4925 775 4990 est,
792 4927 909 4996 semper
919 4923 982 4979 ani·
1037 4922 1194 4996 sapphyris
1204 4921 1342 4994 (trouv).
1356 4945 1369 4971 a
1380 4923 1421 4979 De
1432 4921 1542 4981 talibus
1553 4923 1655 4981 Petrus
1666 4919 1863 4996 apostolusdi-

162 5027 237 5069 mum
252 5016 383 5070 teneant.
401 5011 483 5068 Unde
506 5011 580 5068 bene
604 5010 640 5066 de
666 5009 800 5082 Domino,
817 5011 868 5084 qai
883 5016 984 5070 octova
1038 5012 1077 5068 cit
1088 5028 1095 5066 z
1107 5034 1121 5061 a
1134 5011 1168 5066 Dt
1182 5027 1231 5068 vos
1242 5015 1383 5083 tanquam
1396 5009 1575 5085 lapidesuivi
1587 5013 1862 5086 superedificamini

160 5099 203 5157 die
215 5099 408 5159 circumcisus
424 5104 480 5169 est,
495 5098 591 5156 adhuc
607 5097 746 5156 subditur
761 5116 767 5156 :
1038 5099 1143 5156 domus
1154 5097 1317 5172 spiritualis
1328 5099 1352 5173 (l
1364 5102 1437 5157 Patr.
1449 5103 1491 5174 u).
1505 5125 1519 5152 a
1535 5101 1659 5175 Lapides
1674 5119 1743 5177 ergo
1758 5119 1792 5160 ex
1802 5102 1864 5175 qui·

194 5211 206 5238 a
222 5189 257 5245 Et
271 5191 428 5264 postquam
444 5185 557 5260 impleti
572 5186 714 5244 suntdies
725 5188 908 5261 purgationis
918 5191 982 5263 ejus
1038 5188 1093 5244 bus
1104 5189 1210 5245 domus
1223 5188 1270 5246 Dei
1281 5187 1527 5258 edificetur,alibi
1543 5191 1741 5258 caeduntur,et
1751 5189 1820 5246 alibi
1831 5189 1863 5246 in

161 5300 172 5324 a
188 5279 350 5334 secundum
364 5275 459 5352 legem
484 5274 587 5351 Moysi,
608 5274 740 5332 tulerunt
754 5275 838 5334 illum
854 5277 883 5333 in
899 5278 982 5336 Jeru·
1038 5277 1159 5334 aedilicio
1174 5281 1344 5350 ponuntur:
1363 5279 1433 5352 quia
1448 5281 1553 5337 anime
1567 5285 1735 5338 sanctorum
1752 5279 1781 5336 in
1795 5295 1863 5352 pra·

161 5389 172 5414 a
188 5365 288 5436 salem,
306 5371 340 5422 ut
353 5367 493 5424 sisterent
507 5382 574 5422 eum
589 5364 723 5430 Domino,
734 5387 749 5415 »
765 5364 794 5422 id
810 5369 863 5435 est,
874 5367 983 5424 soncti—
1038 5365 1115 5422 senti
1125 5366 1184 5422 vita
1196 5382 1248 5439 per
1258 5367 1458 5440 poenitentiam
1470 5373 1499 5426 et
1508 5369 1719 5442 eleemosynas,
1730 5372 1759 5424 et
1768 5368 1863 5425 cordis

162 5453 286 5532 haerent.
302 5455 445 5512 Dominus
460 5454 548 5512 iesus
563 5452 697 5509 Christus
713 5452 763 5525 qui
779 5471 837 5510 non
853 5455 982 5513 venitis
1038 5453 1399 5530 compunctionem,atque
1411 5457 1862 5530 proximorumoompassionem,

162 5557 223 5614 gem
246 5529 366 5614 soliers,
384 5543 435 5601 sed
460 5539 620 5617 adimplere
636 5541 739 5616 (batth.
756 5543 794 5614 v),
812 5561 870 5601 non
886 5543 983 5604 solum
1038 5544 1231 5618 puritlcantur
1241 5545 1494 5618 etquodammodo
1502 5544 1743 5604 tribulationibus
1752 5542 1863 5616 poliun-

165 5629 349 5693 eireumcisus
364 5635 410 5693 est
424 5635 526 5692 octavo
537 5631 670 5704 diacum
686 5647 745 5694 nou
760 5631 919 5714 indigeret:
932 5635 983 5696 sed
1035 5631 1860 5713 tuenturtempiseternabeatitudiuisaptiinveniaotur,
