3872 6168
68 311 118 376 lid
659 309 838 374 llDMlldAE
859 310 910 374 ba
931 309 1131 376 TEMPORE.
1683 311 1744 382 tto

65 461 111 503 non
124 439 309 517 possidebunt,
321 463 334 492 r
348 458 405 499 non
421 443 556 501 naturam
573 442 670 502 carnis
685 433 863 501 resurreclu·
877 443 902 512 A
918 442 1041 518 vestigia
1056 443 1204 519 passionis
1219 443 1248 502 in
1265 463 1319 503 sua
1334 461 1421 504 carne
1437 443 1528 504 voluit
1543 464 1700 518 reservare,
1715 467 1736 508 u

64 551 115 592 ram
129 549 186 590 esse
200 531 320 606 negavit,
337 533 388 588 ssd
403 531 473 589 vitia
487 550 550 606 qua
566 551 600 590 ex
615 550 702 590 earne
716 532 861 598 oriuntur,
919 533 983 606 ipsa
999 535 1083 608 signa
1098 535 1244 608 passionis
1258 535 1409 593 victoriam
1420 553 1510 609 quam
1520 538 1556 594 de
1566 537 1687 613 antiquo
1697 540 1747 598 bo-

62 641 118 681 cum
131 622 236 678 Christo
251 638 306 678 non
327 639 413 695 posse
437 638 558 694 regnare
583 623 720 680 ostendit.
737 622 819 679 Unde
834 626 863 678 et
917 627 961 678 ste
982 624 1120 690 obtinuit,
1135 624 1165 680 in
1191 629 1331 698 perpetuo
1356 625 1524 698 pradicant.
1549 627 1632 684 Sicut
1654 628 1744 694 anim,

61 717 250 784 consequenter
264 710 396 782 adjunxit
408 729 414 767 :
427 735 440 762 s
453 712 553 784 Neque
565 711 712 785 corruptio
727 711 862 767 incorru·
916 713 994 769 vorbi
1010 713 1115 788 gratia,
1133 715 1313 771 lectissimus
1330 713 1425 786 miles,
1437 732 1505 772 cum
1517 715 1640 788 jubente
1656 717 1746 791 impe·

59 801 152 875 ptslam
166 799 320 873 possidebit
331 801 353 873 (l
363 801 423 858 Cor.
435 804 492 871 xv).
506 824 520 850 u
531 801 672 858 Caeterum
683 801 861 858 credendum
917 805 1013 858 ratore
1035 803 1064 858 in
1090 803 1223 876 praelium
1247 803 1430 876 processerit,
1458 805 1481 860 si
1498 804 1651 879 eontigerit
1676 821 1744 863 eum

60 895 95 948 set
108 907 214 946 carnem
226 894 353 946 nostram
364 889 394 946 in
406 892 627 958 resurrectione,
641 891 751 963 absque
762 906 861 945 eerru-
916 891 1055 948 victorem
1072 893 1202 964 quidem,
1218 893 1268 949 sed
1283 891 1468 949 vulneratum
1483 895 1519 950 ad
1536 896 1683 968 propriam
1695 911 1745 969 pa-

59 981 143 1052 ptiene
156 979 196 1036 vel
210 979 365 1054 fragilitats
382 981 496 1046 mortis,
513 982 542 1036 in
559 982 680 1038 varitate
691 979 862 1036 substantie
916 981 1003 1036 triam
1020 982 1124 1053 redire,
1141 998 1199 1038 nen
1215 983 1256 1038 ita
1270 981 1331 1040 vult
1345 983 1476 1038 sanaris
1498 984 1631 1053 medicis,
1649 987 1681 1041 ut
1694 1001 1743 1042 ve-

59 1085 112 1126 sssc
126 1073 357 1136 resurrecturam,
364 1069 450 1142 juxta
466 1069 538 1125 illud
555 1069 632 1143 quod
643 1071 746 1126 beatus
756 1069 809 1124 lob
820 1073 861 1124 te·
917 1069 1003 1143 stigio
1015 1069 1168 1128 volucrum
1181 1087 1237 1126 non
1249 1072 1474 1144 appareant,scd
1488 1073 1599 1144 absque
1608 1071 1745 1129 deformi·

58 1161 147 1224 stntur,
162 1156 259 1212 dicens
272 1173 279 1211 :
291 1179 305 1207 a
317 1158 382 1213 Scio
398 1159 476 1231 quod
490 1159 666 1226 Redemptor
685 1175 768 1214 meus
782 1155 861 1224 vivit,
917 1163 974 1214 tate
990 1163 1173 1233 apparentes,
1198 1159 1262 1231 ejus
1276 1160 1429 1216 audaciam
1445 1147 1559 1216 eunctis
1574 1161 1741 1218 videntibus

58 1251 79 1302 et
93 1247 116 1300 in
131 1245 285 1301 novissimo
299 1246 346 1302 die
370 1247 404 1302 de
428 1251 505 1303 terra
530 1251 715 1304 surrecturus
741 1264 819 1312 sum,
834 1249 863 1302 ct
917 1247 1046 1304 indicent
1062 1265 1068 1304 :
1087 1249 1127 1304 ita
1141 1252 1170 1304 ct
1181 1249 1324 1305 Dominus
1339 1263 1496 1322 resurgens
1511 1266 1528 1304 a
1542 1249 1677 1316 mortuis,
1693 1266 1742 1306 ve·

58 1351 159 1392 rursum
174 1333 378 1392 circumdabor
393 1335 466 1408 pelle
482 1337 634 1407 mea,etin
645 1353 731 1394 carne
746 1352 811 1392 mea
821 1334 863 1390 vi·
917 1337 1003 1409 stigia
1018 1337 1165 1409 passionis
1181 1339 1210 1394 in
1226 1355 1280 1395 sua
1295 1355 1381 1394 carne
1395 1337 1487 1394 veluit
1501 1339 1744 1411 apparere,utvi-

58 1425 117 1480 debe
139 1422 238 1492 Deum
264 1441 353 1495 quem
377 1425 495 1482 visurus
519 1442 584 1482 sum
608 1443 660 1498 ego
683 1425 745 1498 ipse
760 1430 790 1480 et
803 1441 861 1480 non
917 1431 1024 1482 ctorem
1041 1444 1107 1482 enm
1124 1425 1231 1483 diaboli
1259 1427 1322 1499 ipsa
1341 1428 1427 1500 signa
1441 1443 1492 1500 per
1506 1427 1621 1482 infinita
1635 1425 1744 1483 secula

57 1512 163 1582 alius,et
177 1511 251 1568 oculi
265 1512 321 1569 mei
333 1514 516 1586 conspecturi
528 1518 597 1570 sunt
611 1515 683 1586 (dot.
697 1513 762 1586 xrx).
778 1537 790 1562 u
806 1514 862 1569 Sed
917 1515 1128 1572 demonstrent.
1144 1517 1179 1572 Et
1201 1516 1271 1588 quia
1294 1515 1506 1588 discipulorum
1531 1519 1644 1574 mentes
1666 1515 1743 1572 inter

58 1600 864 1676 soletinhoclocomendaxpagouorumstultitiasimpli·
917 1618 1070 1658 mmrerem
1097 1607 1124 1659 ct
1153 1603 1295 1676 gaudium
1320 1605 1430 1675 positae,
1454 1604 1584 1660 nondum
1610 1603 1741 1676 periectas

57 1690 155 1746 citatem
170 1690 368 1747 Christianam
382 1690 515 1761 irridere,
530 1693 630 1748 dicens
646 1710 653 1748 :
669 1692 731 1756 Oua
745 1691 862 1746 temeri·
917 1707 983 1747 eum
1000 1693 1194 1749 resurrexisse
1205 1693 1479 1760 credebant,verum
1492 1693 1634 1749 indicium
1648 1709 1743 1749 resur-

57 1785 103 1835 tate
112 1779 224 1852 putatis,
236 1795 289 1836 vos
299 1779 467 1849 Christiani,
480 1782 557 1855 quod
568 1781 645 1837 Deus
659 1785 753 1837 vester
766 1785 862 1836 vestra
879 1813 901 1878 B
916 1781 1053 1838 rectionis
1068 1782 1164 1837 adhuc
1179 1783 1356 1839 manifestat.
1372 1781 1454 1838 Unde
1467 1785 1497 1838 et
1510 1781 1646 1840 subditur
1662 1799 1668 1838 :

57 1868 201 1940 corporade
212 1868 332 1942 pulvere
342 1869 435 1942 possit
446 1872 630 1937 resuscitare,
642 1885 719 1938 cum,
732 1869 861 1925 sioutdi-
955 1891 967 1920 o
982 1868 1084 1924 Ailhuc
1106 1873 1205 1926 autem
1230 1868 1288 1926 illis
1313 1885 1371 1926 non
1396 1869 1592 1938 erodentibus,
1609 1871 1658 1926 sed
1684 1887 1741 1942 praa

57 1957 117 2022 citis,
128 1958 187 2031 ipse
197 1974 356 2030 resurgens
367 1975 383 2013 n
394 1959 528 2024 mortuis,
540 1959 569 2014 in
581 1975 635 2014 sua
645 1975 732 2016 carne
741 1957 863 2032 vestigia
917 1979 931 2008 a
943 1959 1050 2030 gaudio
1061 1959 1237 2016 mirantibus
1249 1959 1337 2015 dixit:
1350 1959 1469 2015 Habetis
1481 1958 1530 2014 hic
1540 1956 1649 2039 aliquid
1663 1959 1741 2030 quod

57 2045 183 2120 passionis
207 2064 265 2104 nen
293 2047 387 2120 potuit
411 2049 539 2104 sanare?
553 2049 594 2104 Ad
617 2047 694 2120 quod
710 2065 776 2103 veru
790 2048 862 2104 tides
917 2068 931 2096 α
949 2047 1165 2104 manducetur?
1178 2051 1214 2104 at
1240 2047 1281 2104 illi
1298 2046 1468 2104 obtuleruut
1483 2048 1509 2104 ei
1525 2052 1637 2120 partem
1653 2047 1742 2120 piscis

57 2137 258 2208 respendetnon
271 2136 427 2193 hocsuisse
438 2135 752 2210 impossibilitatis,sed
765 2136 863 2210 potius
919 2157 932 2185 n
949 2137 1007 2192 assi
1023 2141 1050 2192 et
1064 2137 1160 2194 savum
1177 2136 1282 2193 mellis.
1295 2139 1407 2193 Etcum
1424 2139 1632 2194 manducasset
1643 2153 1742 2194 coram

57 2224 162 2296 pietatis.
173 2226 268 2298 Majus
283 2230 328 2282 est
342 2227 420 2282 enim
436 2242 553 2282 caruem
569 2226 721 2292 suscitare,
732 2242 821 2298 quam
833 2225 862 2282 iu
919 2246 932 2275 s
948 2224 1000 2292 eis,
1013 2242 1134 2282 sumens
1145 2224 1283 2298 reliquias
1299 2225 1379 2281 dedit
1388 2225 1440 2282 eis.
1452 2249 1463 2278 s
1478 2225 1662 2281 Manducavit
1674 2241 1742 2298 ergo

57 2314 107 2385 ipsa
119 2331 199 2370 carne
213 2313 363 2387 passionis
378 2313 501 2388 vestigia
515 2331 629 2370 sanare.
646 2314 701 2370 Sed
718 2314 767 2386 qui
785 2314 862 2386 qued
917 2317 946 2369 et
959 2315 1034 2370 bibit
1048 2331 1145 2371 coram
1162 2313 1316 2388 discipulis
1332 2319 1398 2387 post
1413 2314 1667 2380 resurrectionem,
1684 2330 1743 2370 non

57 2403 135 2473 majus
157 2409 199 2460 est
214 2404 322 2476 potuit,
341 2404 418 2476 quod
434 2403 532 2459 miuus
548 2408 593 2458 est
613 2403 713 2475 utique
737 2403 863 2471 lecisset,
918 2405 995 2475 quod
1011 2403 1075 2459 cibo
1090 2403 1199 2459 carnali
1215 2402 1372 2460 sustentari
1388 2403 1540 2476 indigeret,
1552 2403 1602 2460 sed
1614 2402 1686 2458 utin
1698 2419 1744 2458 ve-

57 2490 99 2546 nisi
113 2492 200 2548 varias
216 2493 252 2548 ob
269 2508 378 2548 causas
393 2491 515 2566 vestigia
530 2491 677 2564 passionis
691 2491 718 2546 in
730 2491 796 2564 ipsa
810 2508 864 2547 sua
918 2492 1004 2548 ritate
1018 2493 1115 2549 carnis
1130 2510 1160 2549 se
1176 2492 1369 2549 resurrexisse
1385 2496 1573 2558 uionstraret,
1590 2492 1660 2565 quia
1674 2507 1743 2564 pro-

58 2597 125 2636 cerae
145 2582 324 2654 reliquisset.
341 2582 484 2649 Primum,
500 2587 532 2637 ut
547 2583 634 2638 fidem
650 2581 863 2654 discipulorum
918 2582 979 2653 prie
992 2582 1143 2638 consedere
1159 2583 1195 2637 ad
1211 2599 1316 2653 corpus
1331 2580 1466 2653 pertinet,
1477 2598 1535 2637 non
1546 2582 1582 2636 ad
1594 2581 1742 2653 spiritum.

57 2670 83 2726 ds
95 2688 141 2727 sua
153 2672 367 2729 resurrectione
382 2670 502 2727 dubiam
514 2670 628 2727 facilius
638 2671 674 2727 ad
685 2671 862 2726 credendum
919 2670 1104 2726 Manducavit
1119 2677 1148 2727 et
1160 2671 1235 2726 bibit
1248 2686 1346 2726 coram
1361 2668 1525 2742 discipulis,
1538 2673 1571 2724 ut
1585 2673 1665 2726 tante
1678 2670 1744 2741 ejus

58 2760 212 2818 reformaret.
231 2761 298 2818 Etsi
313 2760 391 2816 enim
412 2762 497 2818 tarde
518 2761 706 2816 crediderunt
729 2759 863 2832 apostoli,
918 2759 1161 2814 resurrectionem
1182 2757 1313 2814 securius
1338 2757 1537 2830 praedicarent,
1553 2760 1663 2829 quanto
1685 2773 1743 2812 uon

58 2847 166 2906 videntes
180 2851 207 2907 in
231 2851 302 2924 ejus
326 2867 445 2922 corpore
471 2850 580 2904 fixuras
595 2847 755 2914 clavorum,
771 2848 863 2903 multo
918 2846 1013 2904 solum
1029 2864 1147 2903 carnem
1163 2849 1227 2918 eJus
1242 2846 1379 2902 manibus
1394 2845 1573 2918 palpassent,
1588 2845 1639 2901 sed
1654 2843 1743 2902 etism

59 2937 150 2994 tardius
164 2939 371 3006 credidissent,
384 2939 440 2995 nisi
455 2937 485 2994 in
496 2939 560 3011 ejus
570 2955 690 3010 corpore
701 2937 785 3010 signa
795 2953 863 3009 pas·
918 2936 1010 2994 oculis
1026 2936 1227 3009 corporalibus
1251 2936 1402 2992 comedere
1427 2935 1580 3002 vidissent,
1596 2938 1625 2990 et
1648 2934 1743 2990 securi

59 3023 132 3083 sionis
145 3027 393 3100 recognovissent.
403 3027 484 3084 Unde
495 3043 571 3082 unus
582 3043 682 3082 eorrrm
699 3025 864 3082 dicentibus
917 3032 1018 3099 postea
1033 3025 1161 3082 dicerent
1171 3042 1177 3080 :
1187 3025 1259 3090 Quis
1269 3023 1404 3080 visusest
1418 3028 1484 3097 pest
1499 3023 1741 3080 resurrectionem

58 3113 115 3184 aliis,
131 3139 142 3166 s
157 3117 290 3174 vidimus
305 3116 473 3184 Dominum,
491 3138 505 3166 a
522 3133 588 3172 cum
605 3115 725 3188 quidam
742 3117 863 3170 attesta·
917 3131 974 3170 nen
990 3114 1069 3170 omni
1086 3113 1203 3186 populo,
1218 3113 1267 3169 sed
1283 3113 1408 3169 testibus
1422 3111 1626 3193 preordinatis
1640 3129 1657 3167 a
1671 3111 1740 3180 Deo,

58 3201 117 3260 tione
130 3206 298 3264 affirmabat
312 3206 411 3262 dicens
428 3223 435 3261 ι
452 3227 467 3256 «
483 3205 545 3260 Nisi
561 3205 658 3260 videro
673 3203 703 3259 in
723 3204 862 3258 manibus
877 3183 897 3248 C
917 3203 1002 3259 nobis
1018 3202 1067 3275 qui
1081 3202 1322 3258 manducavimus
1337 3205 1365 3256 et
1377 3199 1508 3257 bibimus
1520 3217 1588 3256 oum
1601 3197 1652 3255 illo
1664 3203 1742 3273 post-

57 3291 226 3361 ejusirnrom
237 3295 404 3362 clavorum,
416 3293 569 3351 etmittam
581 3293 706 3366 digitum
722 3309 820 3348 meum
832 3292 861 3348 in
917 3309 1004 3365 quam
1023 3291 1179 3348 resurrexit
1193 3309 1209 3348 a
1225 3289 1358 3356 mortuis,
1373 3294 1401 3346 et
1415 3287 1553 3362 precepit
1567 3287 1653 3344 nobis
1668 3305 1741 3361 pra·

57 3378 131 3438 locum
145 3382 308 3450 clavorum,
320 3383 473 3440 etmittam
491 3399 611 3439 manum
629 3399 724 3438 meam
740 3381 769 3437 in
785 3381 862 3437 latus
916 3381 1012 3436 dicare
1028 3380 1134 3453 populo
1147 3384 1176 3435 et
1187 3378 1337 3436 testificari
1352 3378 1422 3452 qaia
1436 3377 1498 3451 ipse
1510 3381 1565 3446 est,
1575 3376 1624 3450 qui
1635 3374 1742 3434 consti·

56 3471 112 3539 ejus,
126 3489 177 3528 non
192 3474 316 3529 credam
332 3470 599 3544 (tarantasiae
614 3475 691 3527 certe
706 3487 862 3544 resurgens
917 3475 998 3527 tutus
1013 3473 1058 3526 est
1071 3487 1088 3525 a
1104 3475 1161 3525 Deo
1174 3469 1266 3542 judex
1279 3468 1408 3523 vivorum
1431 3473 1460 3524 ct
1475 3471 1669 3522 mortuorum.
1686 3465 1742 3522 Sed

56 3562 183 3617 amortuis
198 3560 398 3625 Dominus,in
414 3577 500 3616 carne
516 3577 570 3617 sua
585 3560 708 3633 vestigia
718 3559 862 3631 passionis
917 3577 969 3615 nec
985 3559 1079 3632 ipsius
1094 3558 1151 3614 cibi
1168 3556 1303 3630 qualitas,
1315 3572 1401 3628 quem
1418 3558 1484 3627 post
1500 3553 1743 3611 resurrectionem

55 3663 174 3708 nmrvare
184 3651 284 3719 volarit,
302 3650 501 3724 quiavenieus
513 3649 705 3721 adjudicium
717 3649 746 3704 in
758 3649 859 3705 eadem
916 3648 1051 3714 comedit,
1068 3665 1085 3704 a
1102 3647 1240 3720 mysterio
1251 3662 1344 3701 vacua
1358 3643 1503 3700 credenda
1517 3647 1572 3699 est.

58 3735 129 3794 torma
142 3738 548 3813 omuibusapparebit,justis
562 3737 712 3794 scilicetet
723 3737 859 3809 injustis:
954 3759 968 3788 o
984 3737 1168 3803 obtuleruut,
1187 3759 1200 3784 a
1217 3734 1321 3807 inquit,
1338 3755 1351 3784 κ
1369 3733 1393 3790 ei
1406 3736 1519 3806 partem
1535 3731 1624 3805 piscis
1640 3732 1700 3788 assi
1716 3737 1747 3788 ct

59 3827 150 3896 utjusti
164 3829 294 3886 videntes
313 3833 425 3900 quanta
439 3831 468 3884 et
484 3827 584 3900 qualia
598 3843 650 3898 pro
674 3843 775 3882 eorum
799 3840 861 3880 ere·
918 3847 931 3875 a
947 3826 1043 3882 lovum
1059 3822 1166 3880 mellis.
1181 3847 1193 3872 o
1209 3822 1282 3887 Ouid
1299 3823 1328 3877 in
1344 3822 1423 3894 pisce
1439 3837 1515 3888 asso,
1529 3819 1586 3877 alsi
1604 3820 1747 3878 Mediator

60 3913 377 3983 plionestuctorhumani
387 3914 658 3990 gsucrissustinuit,
669 3913 767 3984 inejns
776 3912 863 3969 laude
917 3913 968 3972 Dei
980 3918 1009 3970 et
1018 3913 1173 3970 homiuum
1185 3911 1369 3983 significatur
1378 3927 1443 3967 esse
1453 3909 1580 3982 passus?
1591 3915 1656 3982 lpse
1666 3909 1746 3966 enim

59 4007 80 4055 ct
91 4007 235 4076 gratiarum
251 4007 371 4064 actione
386 4003 539 4078 proficiant
556 4021 562 4060 :
580 4004 681 4074 injusti
697 4019 763 4058 vero
783 4005 863 4058 tante
918 4002 1046 4076 utpiscis
1057 3999 1745 4074 lateredignatusestinaquisgenerishumaoi,

61 4087 462 4167 deanuspuotontur,qoant0
472 4091 656 4166 largieraDei
668 4090 809 4147 beneficia
819 4089 862 4145 in·
917 4093 979 4166 ipse
996 4095 1028 4146 nt
1042 4091 1132 4164 piscis
1148 4093 1251 4162 captus
1266 4092 1310 4144 cst
1326 4087 1413 4142 hamo
1429 4087 1645 4160 passionis,scd
1658 4085 1746 4142 melle

61 4177 155 4250 tigrius
168 4181 504 4258 contempserunt,sicut
518 4180 659 4252 scriptum
675 4184 720 4235 est
732 4197 738 4234 :
752 4203 764 4229 o
777 4179 864 4235 Vide·
918 4179 1031 4236 dulcior
1046 4178 1156 4236 exstitit
1172 4177 1200 4233 in
1218 4176 1439 4234 resurrectione.
1454 4165 1544 4247 Guj'us
1559 4174 1744 4231 dulcedinem

62 4265 117 4324 bont
129 4270 153 4326 in
169 4289 255 4346 quem
271 4273 485 4329 transfixerunt
498 4270 590 4340 (Zocli.
604 4275 665 4338 an).
679 4291 694 4318 a
710 4270 742 4324 Mt
758 4269 863 4324 iterum
918 4269 1122 4343 degustaverat
1136 4266 1194 4330 ille,
1205 4265 1254 4338 qui
1272 4265 1403 4320 dicebat:
1416 4287 1429 4312 a
1439 4264 1531 4328 Quam
1546 4261 1644 4318 dulcia
1656 4261 1745 4318 louei-

62 4353 102 4410 alia
115 4359 256 4434 Scriptura
272 4360 346 4417 dicit
362 4377 368 4414 :
386 4383 399 4410 «
417 4359 487 4416 Doce
503 4359 579 4416 venit
595 4375 661 4414 cum
681 4358 819 4424 nubibus,
835 4361 864 4412 et
917 4359 974 4414 bus
990 4359 1063 4414 meis
1078 4355 1193 4428 eloquia
1208 4359 1268 4419 tua,
1282 4353 1413 4420 Domine,
1427 4369 1518 4425 super
1532 4349 1589 4406 mel
1604 4355 1633 4407 et
1647 4350 1744 4406 lavum

62 4441 146 4502 ridebit
159 4466 223 4506 eum
239 4450 341 4508 omnis
356 4447 568 4521 oculus,etqui
580 4464 647 4503 curn
664 4450 862 4519 pupugerunt.
918 4447 961 4503 ori
978 4463 1041 4502 meo
1057 4446 1144 4510 (Paul.
1161 4443 1268 4514 cxviii).
1282 4465 1295 4494 o
1313 4443 1406 4498 Ferus
1419 4457 1547 4512 uanique
1562 4439 1620 4496 mel
1635 4439 1663 4494 in
1680 4455 1746 4495 cera

64 4529 86 4585 lt
97 4535 223 4612 plangent
237 4557 270 4596 se
285 4553 378 4610 super
391 4555 459 4594 eum
470 4553 572 4594 omnes
585 4537 679 4592 tribus
691 4540 772 4591 terra
784 4537 864 4607 (rtpo-
879 4558 902 4622 D
919 4541 972 4592 est.
991 4535 1045 4590 Mol
1063 4553 1130 4606 orgo
1145 4535 1173 4588 in
1200 4549 1276 4598 cera,
1293 4531 1416 4587 dulcedo
1432 4528 1593 4586 divinitatis
1607 4527 1663 4596 est,
1674 4529 1746 4599 jun-

62 4623 101 4675 rol.
114 4629 139 4692 r).
154 4649 166 4676 a
181 4629 213 4683 ut
227 4628 287 4686 alio
304 4628 375 4684 item
390 4627 454 4683 loeo
470 4643 476 4682 :
495 4651 508 4678 o
521 4627 603 4681 Tunc
615 4625 753 4698 plangent
763 4641 864 4680 omncs
920 4629 967 4680 cta
982 4625 1075 4680 t'orma
1091 4619 1293 4678 humanitatis.

63 4709 514 4786 tribuaterra,etvidebuntfilium
524 4715 652 4771 hominis
662 4714 824 4771 venientem
835 4713 865 4768 in

64 4801 237 4862 nubibuscoeli
250 4823 319 4863 cum
332 4805 437 4861 virtute
449 4805 541 4860 multa
552 4807 580 4861 et
590 4805 745 4876 majestate
755 4804 865 4872 (Mattt.

66 4895 131 4959 lxlv).
143 4915 155 4942 a
166 4895 196 4950 lit
206 4895 305 4952 adhuc
316 4894 398 4951 aliter
409 4895 551 4950 Dominus
567 4893 597 4948 in
614 4909 667 4949 sua
682 4907 769 4948 carne
781 4891 866 4947 vesti-

66 4976 240 5051 sslapassionis
249 4982 530 5056 reservavit,utquid
540 4983 697 5038 advocatus
706 4985 749 5037 est
758 4985 866 5051 noster,

67 5068 87 5117 et
98 5066 198 5128 Patrem
214 5072 382 5146 interpellat
395 5089 447 5146 pre
464 5071 548 5128 nobis
563 5070 593 5126 in
609 5070 804 5137 humanitate,
816 5073 867 5142 qul

67 5163 150 5214 cuncta
160 5161 207 5216 dut
216 5179 283 5219 cum
301 5162 385 5218 Patre
396 5178 447 5234 per
458 5159 651 5226 divinitatem,
663 5158 728 5232 ipsa
737 5157 867 5228 vulnera,

68 5248 868 5324 ‘wilm¹¹⁰⁸tffl⁰d⁰fflpli⁰110fluslissustsl'ssltlOsiendflls

69 5335 157 5392 utrum
168 5339 297 5396 misereri
308 5339 475 5396 hominibus
488 5338 640 5409 iaciat,pro
649 5338 756 5409 quibus
768 5337 870 5409 unige-

71 5417 405 5485 nitusDominustantauc
414 5427 483 5484 talia
492 5428 639 5483 sustinere
648 5443 705 5482 non
716 5426 869 5480 recusavit:

70 5515 91 5560 et
101 5511 135 5566 sic
148 5531 210 5572 eum
225 5517 275 5591 qui
292 5517 423 5575 misereri
439 5535 495 5573 non
508 5516 656 5583 cessat‚ad
670 5514 870 5570 nriscrandum

957 4738 971 4762 a
989 4714 1023 4768 Et
1039 4729 1104 4768 cum
1130 4711 1338 4767 manducasset
1358 4724 1455 4763 coram
1470 4706 1523 4773 eis,
1539 4721 1660 4762 sumens
1680 4703 1746 4760 reli·

924 4825 937 4852 a
953 4801 1038 4874 quius
1053 4801 1131 4857 dedit
1156 4800 1209 4856 eis.
1227 4823 1241 4849 a
1257 4798 1337 4866 Quod
1353 4796 1495 4853 Dominus
1510 4794 1649 4868 reliquias
1664 4794 1747 4850 eibe-

923 4907 988 4947 rum
1004 4887 1157 4962 discipulis
1173 4887 1302 4954 tradidit,
1313 4887 1347 4942 ad
1360 4885 1415 4940 hee
1427 4883 1561 4955 pertinet,
1576 4883 1646 4955 quia
1660 4891 1746 4939 stram

923 4979 1089 5053 passionem
1106 4979 1149 5034 eis
1163 4976 1335 5032 imitandam
1351 4989 1418 5029 esse
1430 4971 1658 5043 ostendit,juxta
1669 4972 1746 5045 quod

923 5070 985 5142 ipse
998 5067 1067 5124 alibi
1083 5067 1124 5122 ait
1139 5083 1145 5121 ι
1164 5089 1177 5116 o
1194 5066 1223 5122 Si
1240 5065 1307 5136 quis
1321 5063 1382 5118 vult
1397 5064 1463 5134 post
1477 5077 1523 5116 mc
1538 5059 1645 5128 venire,
1659 5061 1748 5118 abne-

923 5163 971 5232 get
986 5156 1177 5227 semetipsum
1192 5159 1220 5209 et
1235 5150 1320 5208 tollat
1333 5167 1448 5206 erucem
1464 5166 1549 5206 suam
1565 5154 1594 5206 et
1608 5155 1750 5223 sequatur
1771 5219 1777 5228 ¹

924 5264 971 5302 me
986 5247 1062 5318 (Lice.
1077 5244 1126 5316 rx).
1141 5267 1154 5293 a
1166 5243 1248 5299 Unde
1259 5257 1337 5296 unus
1349 5256 1450 5296 eorum
1462 5239 1557 5296 aiebat
1571 5258 1578 5296 ε
1592 5239 1749 5296 «Christus

925 5351 1031 5408 passus
1046 5338 1090 5388 est
1105 5349 1157 5405 pro
1173 5329 1257 5386 nobis
1280 5335 1304 5398 (l
1321 5335 1394 5385 Petr.
1411 5329 1452 5400 rr),
1470 5349 1484 5378 o
1501 5333 1555 5385 etc.
1572 5328 1658 5385 Dedit
1681 5343 1751 5400 ergo

925 5423 967 5479 cis
982 5421 1118 5494 reliquias
1135 5420 1225 5493 piscis
1241 5418 1299 5474 assi
1319 5422 1347 5474 et
1363 5418 1459 5474 lovum
1477 5416 1582 5484 mellis,
1597 5415 1649 5489 qui
1665 5433 1749 5474 suam

925 5513 1091 5586 passionem
1108 5526 1239 5566 ornarem
1256 5526 1320 5565 esse
1340 5507 1469 5564 ostendit
1484 5507 1514 5562 in
1529 5505 1628 5562 dolore
1643 5505 1749 5569 cordis,

71 5607 191 5662 provocet.
206 5605 255 5661 t'el
282 5611 358 5664 certe
382 5610 449 5680 post
470 5604 713 5661 resurrectionem
730 5603 872 5660 Dominus
926 5603 976 5658 sed
993 5600 1195 5656 dulcissimam
1221 5598 1248 5652 in
1273 5597 1396 5670 gloriam
1420 5593 1651 5653 resurrectionis.
1669 5593 1749 5649 Unde
