3930 6172
207 317 273 378 2343
496 275 1633 382 airricussicaniamsnscorarias11.'.-a0u1c.
1824 325 1869 386 tlt

212 449 353 508 struendo
368 449 513 518 dicebaut,
530 453 563 505 ut
579 450 743 508 invenirent
757 452 903 523 quomodo
918 465 1037 508 aecusa-
1054 450 1081 516 Α
1096 449 1251 506 stantialis.
1277 451 1351 518 Ouid
1367 455 1412 507 cst
1431 451 1506 522 quod
1532 449 1627 506 dedit?
1640 449 1734 524 Utique
1753 451 1870 528 gignendo

214 539 580 607 ienteum,nolenteseum
590 541 707 597 credere
715 540 817 608 Deum,
829 532 878 597 sod
892 540 1041 598 hominem
1095 539 1184 602 dedit,
1197 537 1267 612 quia
1281 555 1338 596 uon
1355 539 1497 596 minorem
1513 539 1565 596 sihi
1580 540 1684 612 genuit,
1702 559 1752 596 non
1768 549 1872 616 ternpore

214 633 322 700 purum
334 629 539 684 tantummodo
554 630 696 699 suturam,
712 634 846 703 etregem
860 630 971 686 ceteris
982 647 1042 685 orn·
1095 629 1295 702 posteriorem,
1321 630 1371 685 sed
1389 635 1573 696 coaeternum,
1589 629 1649 684 siue
1666 628 1740 688 initio
1762 633 1872 705 temporis

216 717 305 773 nibus
319 716 505 774 excelsiorem
527 734 591 774 esse
617 724 790 774 venturum„
802 721 864 784 Qus
879 719 966 775 ctiam
989 719 1040 776 de·
1095 733 1212 790 sempor
1235 711 1337 776 Deum.
1355 719 1416 774 Nou
1433 723 1478 774 ost
1492 717 1654 785 dicendum,
1674 735 1726 776 non
1746 726 1798 776 erat
1810 727 1872 778 anm-

216 804 328 862 mentis
343 803 449 878 posteri
474 823 575 863 eorum
590 825 683 880 nsque
698 807 726 863 in
743 825 881 880 praesens,
897 814 925 864 et
950 809 1042 865 donec
1096 823 1186 879 quam
1202 812 1289 863 natus
1304 811 1384 863 eret:
1400 820 1550 880 utinquam
1565 807 1640 862 enim
1659 821 1711 863 non
1732 813 1805 865 natus
1816 813 1871 879 crat,

215 893 427 950 Antichristum
438 913 490 967 pro
500 895 613 952 Christo
626 896 799 969 suscipiant,
810 914 905 953 errare
914 915 970 954 non
982 914 1042 954 ces·
1096 895 1145 968 qui
1158 896 1232 952 Patri
1247 901 1408 964 coeternus
1423 901 1493 952 crat.
1507 895 1559 963 Oui
1575 896 1658 968 sapit,
1669 896 1768 968 capiet:
1781 897 1820 970 qui
1830 915 1872 956 oon
1940 909 1941 976 ᾗ

217 983 1041 1060 suntlltsiChristumcsseresponderet,cogitalmnteum
1096 985 1871 1058 eapitcredut.Nutriaturlule,ut'possiteapcrol'erbun
1940 981 1941 1058 i

216 1071 331 1128 tradere
345 1073 481 1145 potestati
492 1073 626 1144 presidis
636 1075 829 1147 puniendum,
842 1076 925 1148 quasi
943 1080 1043 1132 cantra
1099 1075 1157 1144 Dei,
1171 1073 1376 1146 qrrieVerbnm
1389 1074 1488 1131 Filius.
1501 1075 1618 1146 Semper
1626 1091 1689 1149 ergo
1701 1073 1781 1131 lilius
1790 1081 1812 1131 et
1819 1093 1873 1132 sem·
1940 1081 1941 1148 j

215 1160 381 1232 Augustum
394 1147 570 1235 repugnans,
580 1161 1043 1238 illicitumsibinsurpuretimpe·
1097 1179 1149 1237 per
1173 1162 1303 1236 equalis.
1320 1163 1381 1219 Non
1407 1162 1483 1219 enim
1509 1163 1673 1230 conscende,
1695 1163 1740 1220 sed
1763 1165 1874 1221 nascendo
1940 1181 1941 1216 1

216 1245 303 1302 rium.
316 1247 372 1304 Sed
385 1248 447 1320 ipsc
458 1253 562 1306 nostrae
576 1250 663 1308 saluti
676 1253 831 1309 consulens
843 1259 960 1327 propter
969 1271 1043 1328 quos
1097 1251 1219 1325 aequalis
1244 1255 1297 1320 est,
1324 1252 1372 1326 qui
1390 1266 1507 1326 semper
1519 1255 1604 1308 natus
1618 1253 1653 1308 de
1671 1253 1747 1308 Patre
1758 1251 1838 1320 Filius,
1851 1253 1876 1309 dc

217 1335 277 1390 haee
301 1335 456 1393 scribenda
483 1342 575 1408 erent,
605 1339 645 1395 ita
674 1358 846 1414 responsum
872 1343 1045 1415 temperarit
1097 1341 1308 1407 DooDeus,ds
1327 1347 1618 1398 eternocooeternus.
1643 1342 1816 1397 Peterautcm
1835 1357 1877 1397 mn

216 1425 316 1490 suum,
327 1429 359 1480 ut
369 1425 405 1481 ad
414 1425 659 1485 calumniantium
669 1446 720 1486 ora
729 1430 924 1500 concluderet,
935 1431 1044 1504 ct'quia
1098 1431 1132 1486 de
1143 1430 1213 1486 Filio
1230 1431 1316 1496 Deus,
1338 1429 1427 1486 Filius
1438 1431 1474 1486 de
1490 1429 1574 1486 Patre
1589 1433 1670 1486 Deus.
1690 1429 1750 1486 ldeo
1765 1433 1827 1486 Dens
1838 1429 1878 1486 Pa-

216 1512 349 1570 Christus
369 1518 422 1583 est,
450 1516 585 1573 ildelibus
612 1523 711 1591 aperta
737 1537 805 1576 voce
834 1522 982 1592 panderet.
999 1521 1043 1578 lili
1098 1523 1151 1586 ter,
1175 1518 1240 1575 ideo
1264 1519 1411 1593 gignendo
1434 1519 1514 1576 dedit
1529 1522 1562 1574 ut
1576 1519 1651 1576 Deus
1674 1523 1753 1585 esset,
1767 1518 1878 1591 gignendo

217 1601 295 1658 enim
312 1602 347 1658 do
360 1602 477 1660 homine
488 1605 602 1662 Christo
617 1609 795 1679 querebant,
814 1609 874 1683 ipse
887 1613 984 1667 eutem
1001 1611 1044 1667 di·
1098 1609 1178 1666 dedit
1188 1613 1220 1662 ut
1234 1608 1356 1681 aequalis
1369 1613 1460 1664 essct:
1474 1608 1528 1665 hoe
1542 1612 1587 1664 est
1601 1608 1675 1680 quod
1691 1607 1777 1678 majus
1788 1611 1824 1662 ost
1835 1624 1880 1662 our·

217 1691 350 1746 vinitatis
365 1705 434 1760 sun,
448 1695 642 1767 quoequalis
657 1701 701 1752 est
717 1698 804 1765 Patri,
822 1699 918 1771 palam
934 1705 1043 1772 mysle-
1099 1699 1196 1754 nibus.
1219 1697 1285 1754 idco
1300 1697 1480 1752 transcendit
1496 1697 1551 1753 iste
1565 1696 1689 1754 Jounnes
1703 1710 1792 1751 omnes
1806 1695 1881 1750 allitu-

219 1778 262 1834 riu
273 1785 381 1836 narrat.
393 1781 469 1846 Ouid
481 1798 549 1854 ergo
561 1784 654 1840 Juuci
665 1785 879 1844 circumdantes
890 1789 1042 1845 Dominum
1062 1823 1084 1888 B
1100 1785 1183 1843 dines
1207 1792 1418 1850 creaturarum,
1432 1791 1460 1842 et
1475 1783 1569 1842 millia
1584 1785 1724 1842 exercitus
1737 1783 1881 1860 angclqmn,

219 1867 364 1936 dixerunt,
375 1869 537 1927 videamus.
552 1873 742 1947 «Quousque,
757 1874 906 1949 inquiunt,
916 1876 1044 1934 animum
1099 1881 1129 1932 ct
1144 1893 1250 1948 magun
1265 1875 1374 1941 omnin,
1395 1875 1575 1948 pervenitad
1592 1873 1664 1932 illud
1679 1875 1749 1948 quod
1764 1875 1883 1944 majusesl

221 1961 348 2014 nostram
360 1958 463 2016 tollis?
480 1959 551 2016 Situ
566 1977 597 2018 cs
608 1961 751 2032 Christus,
763 1965 810 2028 dio
821 1965 1019 2038 nohispulam.
1031 1991 1045 2017 a
1099 1965 1248 2032 omnibus,
1270 1970 1305 2020 et*
1321 1965 1409 2022 dixit:
1436 1989 1450 2016 a
1465 1966 1496 2021 ln
1514 1965 1655 2039 principio
1670 1969 1728 2021 eret
1738 1964 1852 2026 lartum.
1863 1965 1883 2016 tl
1940 1976 1941 2010 l

220 2045 281 2102 Non
297 2047 559 2105 renitUhristusin
573 2067 604 2107 se
618 2053 804 2111 credentibus
819 2056 949 2111 animam
963 2055 1045 2113 tolie·
1099 2054 1227 2110 Verbum
1254 2055 1408 2126 eratapud
1433 2059 1537 2123 Deum,
1558 2060 1587 2111 et
1615 2060 1689 2110 Deus
1711 2059 1767 2109 erat
1786 2051 1883 2106 Verbum
1940 2048 1941 2098 ἐ

221 2150 261 2202 ro,
278 2135 328 2191 sed
343 2135 472 2194 animam
489 2137 641 2197 vivificare.
662 2143 717 2198 Sed
734 2143 788 2216 ipsi
804 2145 859 2201 sibi
874 2145 966 2201 ludaei
983 2146 1045 2201 nni·
1100 2145 1188 2214 (teau.
1207 2145 1237 2216 r).
1254 2165 1267 2192 a
1284 2145 1343 2199 Hoc
1358 2145 1490 2218 estquod
1503 2143 1743 2217 majusomnibus
1755 2146 1801 2207 est,
1815 2140 1882 2205 idest,
1940 2137 1941 2188 ἲ

221 2239 366 2298 mamper
386 2224 586 2284 infidelitatem
611 2229 751 2301 tulerunt,
772 2233 1046 2306 quitentareChri-
1100 2237 1133 2288 ut
1149 2235 1204 2288 sim
1221 2231 1348 2288 Verbum
1362 2235 1436 2305 ejus,
1448 2239 1480 2288 ut
1494 2234 1552 2289 sim
1569 2228 1882 2307 unigcmmsmliusqus,
1940 2243 1941 2276 ι

220 2317 311 2380 stum,
328 2315 428 2371 nonin
444 2316 592 2373 Christum
608 2320 724 2376 credere
740 2323 906 2396 congregati
921 2325 1000 2379 sunt.
1100 2325 1133 2378 ut
1148 2322 1202 2378 sim
1220 2321 1358 2394 splendor
1370 2321 1445 2379 lueis
1456 2323 1530 2394 ejus.
1544 2321 1611 2378 ldeo
1623 2337 1706 2378 nemo
1716 2317 1786 2392 rapit
1798 2335 1849 2374 ores
1859 2316 1881 2370 de
1940 2341 1941 2367 l

256 2425 270 2452 u
288 2403 500 2476 Responditeis
514 2406 615 2464 lesus:
634 2408 749 2482 Loquor
762 2411 854 2478 vobis,
870 2415 898 2466 et
911 2429 968 2468 non
985 2430 1045 2468 cra·
1101 2427 1189 2466 manu
1206 2429 1280 2479 mea,
1298 2415 1326 2468 et
1341 2427 1426 2467 nemo
1442 2415 1539 2485 potest
1555 2427 1656 2485 rapere
1671 2411 1705 2467 de
1719 2425 1799 2466 manu
1819 2405 1885 2463 Putris

221 2515 235 2544 a
247 2492 327 2549 ditis.
339 2514 352 2544 u
376 2493 495 2566 Proprie
517 2497 646 2552 ostendit
669 2498 736 2570 quis
760 2503 838 2555 esset
859 2501 929 2556 dum
955 2501 1044 2558 dixit:
1101 2499 1168 2556 mci.
1178 2501 1281 2556 liunus
1294 2500 1388 2557 Patris
1399 2504 1428 2556 et
1439 2517 1544 2556 manus
1557 2499 1632 2569 Filii,
1644 2515 1701 2556 una
1713 2514 1816 2554 manus.
1827 2495 1888 2550 idest
1940 2493 1941 2543 ἰ

221 2603 235 2630 «ι
250 2581 471 2654 Loquorvohis,
483 2607 497 2632 ι»
519 2583 546 2640 id
563 2590 618 2650 est,
636 2585 763 2642 Verbum
786 2587 845 2656 Dei,
871 2593 1045 2646 coeternum
1101 2587 1890 2662 unupotcs⁸as,unedivinitas,unamajestasmnaeler·
1940 2601 1941 2612 ¹

221 2669 309 2738 Petri,
331 2671 425 2744 aquis
440 2687 528 2745 opera
546 2690 610 2747 quae
625 2691 678 2748 ego
691 2675 764 2733 lanio
775 2675 804 2732 in
824 2680 940 2736 nomine
953 2680 1046 2736 Patris
1101 2679 1188 2746 nitas,
1207 2695 1265 2734 una
1279 2678 1441 2752 aequalitas.
1468 2680 1561 2745 Ouum
1578 2678 1708 2734 videlicet
1731 2673 1888 2749 aequalitatem
1940 2688 1941 2720 1

222 2757 289 2828 mei,
303 2760 364 2817 heac
378 2759 579 2820 testimonium
593 2764 749 2836 perhibent
763 2767 798 2823 de
814 2783 871 2824 mc.
882 2790 896 2817 a
911 2770 991 2836 Quod
1003 2773 1048 2826 cst
1101 2767 1164 2840 ipse
1179 2766 1359 2822 Dominusiu
1371 2766 1646 2832 divinitalehabuit,
1658 2766 1816 2840 priusquam
1826 2775 1889 2817 mun·
1940 2778 1941 2788 ¹

222 2848 312 2907 Filius
320 2849 382 2916 Dei,
393 2847 443 2922 qui
454 2850 578 2925 gloriam
590 2870 674 2910 snam
690 2856 903 2928 conquaesivit,
921 2860 970 2915 scd
983 2859 1047 2931 ejus
1101 2857 1156 2912 dus
1172 2861 1249 2914 essct
1263 2857 1339 2928 apud
1356 2857 1482 2925 Putrem,
1500 2855 1607 2928 ipsein
1627 2853 1784 2912 humilitate
1797 2869 1825 2907 er
1836 2855 1890 2905 tem·
1940 2865 1941 2868 ¹

223 2938 272 3012 qui
289 2938 371 2994 misit
384 2939 479 3007 illum,
496 2941 567 3013 quia
585 2959 644 2998 una
663 2943 812 3018 est‘gloria
823 2947 917 3003 Petris
931 2952 959 3004 ct
972 2947 1045 3004 Filii.
1102 2962 1172 3018 pore
1187 2945 1396 3002 incarnationis
1412 2945 1531 3018 accepit.

223 3025 279 3084 Ssd
295 3024 371 3082 hano
384 3023 470 3084 iidem
486 3031 574 3087 corda
588 3031 751 3090 infidelium
770 3035 897 3110 accipere
912 3037 1047 3110 nequive—
1138 3057 1152 3084 a
1169 3031 1202 3090 ιιι
1216 3049 1302 3089 nemo
1328 3037 1423 3107 potest
1448 3049 1549 3106 rapere
1565 3033 1605 3090 de
1618 3049 1705 3090 marm
1721 3027 1890 3088 Palmensis

220 3121 299 3184 mni,
315 3117 352 3173 de
363 3118 470 3191 quibus
486 3117 542 3175 alt:
1102 3127 1205 3197 Aperte
1220 3123 1270 3178 dat
1286 3122 1408 3196 intelligi
1424 3139 1513 3180 unam
1537 3127 1627 3196 atque
1645 3118 1833 3178 indissimilem
1843 3128 1890 3171 esse

256 3230 270 3257 «
287 3207 342 3264 Sed
358 3221 408 3263 vos
424 3225 481 3264 uon
505 3209 633 3266 creditis.
649 3234 663 3262 a
687 3213 871 3288 (tonsumque
885 3218 979 3273 reddit
993 3235 1045 3272 cur
1060 3193 1082 3258 G
1102 3229 1233 3280 manum,
1245 3212 1299 3268 hoc
1314 3217 1359 3268 cst
1370 3213 1509 3268 virtutem
1521 3227 1608 3268 sunm
1619 3212 1835 3280 crescerentque
1845 3205 1891 3259 ideo

219 3291 456 3354 concrederent:
474 3320 488 3347 e
505 3299 578 3364 Quia
593 3302 733 3358 nonestis
747 3319 781 3358 ex
796 3305 919 3362 nouitas
934 3307 1016 3364 meis.
1031 3330 1044 3359 a
1100 3319 1131 3358 se
1146 3301 1294 3358 Christum
1311 3318 1374 3358 esse
1390 3299 1579 3370 credundum,
1603 3300 1654 3374 qui
1671 3317 1727 3357 non
1741 3296 1808 3356 sicut
1820 3290 1892 3350 celeri

218 3377 291 3440 Oves
307 3388 376 3440 sunt
392 3387 545 3453 credendo,
562 3395 868 3464 ovessuntpastorem
884 3399 1043 3468 sequendo,
1100 3391 1192 3447 sancii
1219 3391 1312 3448 factus
1327 3405 1379 3463 per
1392 3389 1515 3463 graiium
1540 3405 1574 3446 0¹
1600 3395 1738 3464 tempore,
1764 3387 1807 3444 lid
1828 3397 1892 3437 “iffi
1940 3403 1941 3436 l

218 3487 286 3528 oves
315 3475 385 3528 sunt
409 3473 707 3547 Redemptoremnon
738 3484 1045 3552 contemnendo,ores
1100 3490 1215 3552 Stmpcr
1239 3478 1381 3535 exstilerit
1404 3477 1495 3535 Filius
1516 3477 1565 3535 Dei
1581 3484 1676 3546 (loim-
1689 3479 1727 3546 Χ),
1744 3475 1811 3548 (ιῦθά
1825 3469 1893 3526 ‘imm
1940 3507 1941 3522 ³

218 3563 288 3616 sunt
302 3577 354 3633 per
369 3560 478 3618 ostium
501 3563 647 3632 intrando,
673 3583 740 3624 oves
765 3576 835 3625 sunt
857 3574 998 3642 exeundo,
1016 3582 1045 3634 ct
1100 3568 1234 3640 sequenti
1249 3567 1392 3624 sententia
1408 3566 1472 3624 luce
1487 3567 1595 3624 clarius
1610 3567 1707 3642 operit
1718 3565 1818 3622 dicens.

218 3659 328 3720 pascus
358 3648 540 3706 inveniendo.
581 3653 731 3716 Quomodo
759 3674 827 3730 ergo
857 3659 921 3718 istis
952 3661 1043 3720 dixit:
1135 3648 1893 3731 «ugoeteaterunamsumus.»liuum‚int⁰i=⁵¹¹'

218 3757 232 3786 a
245 3737 306 3792 Non
326 3736 397 3793 estis
416 3755 450 3794 ex
464 3739 566 3796 oribus
588 3742 660 3800 meis
670 3744 706 3799 ‘ln
725 3746 798 3812 Quia
812 3748 928 3806 videbat
943 3769 992 3809 oos
1007 3755 1043 3810 ad
1100 3763 1176 3815 mus,
1191 3763 1249 3802 una
1271 3745 1355 3803 nobis
1369 3744 1544 3813 substantia,
1562 3761 1622 3801 una
1645 3741 1837 3803 estdirinilas,
1851 3747 1894 3789 unt

217 3823 429 3898 sempiternom
454 3827 567 3886 tuturos
592 3832 794 3903 perditionem,
815 3841 925 3895 nonad
955 3841 1043 3898 vitam
1098 3821 1892 3908 esteternitas,periemaaquelitns,dissimilitudouuila.
1940 3845 1941 3878 ι

218 3917 354 3970 eternam
367 3915 413 3972 sui
428 3918 581 3990 sanguinis
592 3921 684 3994 pretio
699 3932 894 3996 comparatus.
1098 3925 1210 3992 Quibus
1224 3925 1349 3997 prolecto
1365 3921 1459 3979 verbis
1481 3937 1538 3978 non
1554 3927 1726 3994 presentem
1742 3909 1894 3976 solummodo
1940 3935 1941 3984 l

254 4025 269 4054 a
283 4003 355 4060 Oves
366 4021 436 4062 meae
448 4023 545 4063 vocem
555 4025 649 4066 meam
659 4013 791 4082 audiunt,
804 4022 832 4072 et
840 4033 893 4091 ego
901 4035 1044 4092 cognosco
1097 4015 1265 4073 iudeorum
1282 4011 1482 4086 ιιΰιῦδῑῑῡῐιθῐῐι,
1500 4027 1601 4082 (luam,
1619 4029 1657 4068 tn
1673 4010 1734 4084 ipse
1751 4011 1821 4065 esset
1832 3999 1893 4059 Chri·

218 4095 605 4167 «·eus,etsequunturme,
628 4105 657 4156 st
681 4102 835 4175 egoritam
852 4109 1043 4166 aeternamdo
1098 4109 1171 4172 stus,
1188 4101 1417 4174 interrogabant,
1431 4099 1594 4171 explicavit,
1609 4100 1660 4156 ssd
1676 4099 1760 4154 ctiam
1776 4089 1894 4151 heretico·
1940 4103 1941 4150 l

216 4179 300 4238 «cis.
318 4203 334 4232 o
357 4183 432 4240 Dicit
453 4185 799 4266 enim-Cognoscoens,
819 4217 833 4246 a
857 4197 1042 4255 consuetudo
1098 4209 1163 4248 rum
1180 4189 1342 4264 perfidiam,
1359 4205 1448 4262 quam
1471 4187 1757 4261 iuturampraeridil,
1779 4181 1894 4256 quantun

216 4271 489 4344 sonctaeSeripturae
504 4279 548 4332 est
563 4277 668 4348 dicere,
685 4279 777 4338 Deum
796 4301 883 4341 nosse
898 4286 1042 4358 quidquid
1097 4281 1135 4336 sit
1150 4279 1336 4346 exsecranda,
1354 4276 1537 4334 monstravit.
1564 4276 1746 4333 Gonticescat
1767 4265 1893 4328 Satellius,
1940 4269 1941 4364 q

215 4357 307 4432 eligit.
324 4361 463 4434 apostola
479 4363 593 4422 dicente
608 4369 646 4440 (ll
659 4371 730 4426 lim.
749 4375 794 4439 u):
806 4371 888 4429 Novit
899 4373 1043 4432 Dominus
1097 4369 1235 4427 audiens:
1251 4389 1264 4419 a
1281 4373 1338 4441 Ego
1354 4372 1382 4424 et
1397 4363 1491 4434 Pater,
1503 4389 1517 4416 a
1534 4365 1584 4439 qui
1601 4381 1689 4422 unam
1704 4374 1846 4438 personam
1859 4359 1897 4408 Pe·
1940 4367 1941 4416 l

215 4447 264 4518 qui
278 4453 348 4504 sunt
362 4450 445 4519 ejus:
462 4455 490 4506 et
505 4451 577 4508 illud
593 4457 714 4525 nescire,
733 4460 810 4531 quod
828 4477 884 4516 non
900 4464 1042 4534 approbat
1096 4458 1149 4516 tris
1164 4463 1193 4514 ct
1208 4456 1271 4512 Filii
1284 4473 1371 4529 prava
1386 4454 1518 4512 doctrina
1528 4455 1679 4512 disseruit·
1696 4453 1777 4518 Nem,
1788 4451 1814 4506 et
1828 4468 1840 4496 a
1856 4455 1894 4513 ⁸8⁰

214 4533 337 4607 dignum
352 4537 419 4594 vilae
431 4543 555 4596 aeterne.
570 4541 651 4600 Unde
662 4547 697 4602 ad
710 4547 817 4620 impios
828 4549 959 4606 dicturus
972 4551 1042 4608 erit:
1060 4553 1125 4623 pat
1140 4545 1230 4614 Pater,
1245 4567 1257 4595 o
1274 4545 1337 4601 don
1353 4557 1492 4617 personae.
1506 4549 1578 4600 item
1594 4545 1748 4600 erubescat
1760 4537 1845 4600 Arius.
1857 4546 1896 4586 ³¹¹¹
1940 4543 1941 4620 l

215 4647 228 4674 a
245 4623 311 4679 Non
324 4624 389 4680 novi
404 4641 455 4684 vos
479 4631 582 4690 (idaim.
599 4634 659 4706 vul.
677 4656 690 4685 o
709 4635 847 4708 Sequitur
869 4639 905 4695 de
919 4640 1040 4698 ovibus:
1097 4635 1190 4705 dione,
1203 4651 1317 4690 «unum
1329 4645 1443 4703 erimus,
1456 4655 1469 4682 u
1481 4632 1529 4706 qui
1543 4634 1618 4688 dues
1630 4627 1788 4688 naturasin
1801 4619 1896 4680 Pateat
1940 4621 1941 4696 l

214 4709 447 4784 «Dtegovitem
464 4721 913 4782 aeternnmdocis.»llaecsunt
932 4745 1042 4800 pascua
1095 4710 1894 4794 lilioastruit,duinsanum»unamnaturamsigniirat

214 4809 281 4871 queo
291 4798 427 4887 superius
438 4807 573 4878 promisit
587 4808 689 4866 oribus
705 4811 778 4882 suis,
791 4813 839 4870 ubi
857 4809 937 4870 nulle
951 4816 1041 4874 herba
1096 4815 1172 4872 sicut
1191 4835 1205 4864 a
1216 4831 1329 4881 sumus,
1343 4835 1358 4862 a
1373 4813 1447 4868 duas
1462 4825 1612 4885 personas.
1628 4809 1790 4882 Sequemur
1801 4801 1894 4873 aposto·
1940 4821 1941 4888 t

215 4889 329 4955 arescit,
347 4895 441 4950 totum
458 4895 539 4964 viret,
556 4899 650 4954 totum
675 4899 761 4974 riget,
782 4906 876 4959 totum
894 4904 1039 4979 integrum
1095 4905 1181 4961 licam
1198 4905 1295 4971 fidem,
1312 4917 1401 4974 quam
1417 4903 1527 4958 boetus·
1540 4899 1643 4956 Petrus
1656 4898 1789 4971 princeps
1801 4887 1895 4978 aposto:
1940 4919 1941 4972 j

216 4981 380 5044 permanet:
394 4984 580 5056 et'quirlquid
596 4987 685 5044 semel
697 4987 847 5061 accipitur,
858 5009 974 5065 semper
986 4993 1040 5048 ha·
1096 4995 1189 5050 lorum
1207 4992 1359 5048 consessus
1381 4995 1447 5045 est:
1476 5013 1487 5040 ι
1505 4989 1548 5045 Τιι
1565 5005 1596 5046 es
1617 4985 1750 5046 Christus
1765 4979 1845 5038 lilius
1857 4973 1895 5070 Det

216 5059 310 5116 betur.
323 5085 335 5112 a
353 5065 389 5120 Dt
403 5083 460 5124 non
476 5073 612 5142 peribunt
625 5074 654 5130 iu
670 5080 820 5134 aeternum.
834 5101 847 5128 a
865 5077 916 5135 Hie
932 5081 1040 5136 sulian—
1094 5081 1149 5137 vivi
1178 5083 1279 5151 (ilcttlr.
1296 5079 1364 5152 xm).
1383 5077 1504 5135 »iudei
1532 5075 1665 5133 videlicet
1692 5073 1778 5131 verba
1801 5068 1895 5158 Donum

216 5147 355 5206 diendum
367 5158 422 5218 est,
434 5162 578 5228 quomodo
589 5180 638 5218 ros
650 5165 782 5236 peribitis
793 5166 843 5240 qui
856 5169 991 5226 nonestis
1007 5185 1042 5226 ea
1095 5171 1259 5237 audientes,
1276 5170 1428 5241 hucusque
1445 5163 1661 5224 festinaverunt.
1679 5163 1753 5219 Dum
1768 5171 1828 5213 vero
1849 5151 1894 5206 ιιῑῑ

216 5237 319 5294 ovibus
334 5239 417 5298 mels.
437 5245 494 5300 «lit
504 5263 561 5304 non
575 5251 667 5325 rapiet
677 5270 725 5310 eas
737 5254 894 5328 quisquam
906 5257 940 5313 de
952 5275 1040 5315 mann
1095 5283 1109 5309 α
1126 5261 1183 5333 Ego
1198 5263 1227 5315 et
1242 5260 1326 5315 Pater
1336 5275 1428 5312 unum
1443 5271 1557 5322 sumus,
1571 5277 1585 5305 a
1596 5270 1654 5311 non
1665 5245 1846 5326 pertulerunt
1856 5232 1895 5292 ild

217 5350 230 5376 (ι
249 5341 321 5394 med,
335 5349 349 5377 ἰ
366 5327 393 5382 id
411 5334 455 5386 ῡθῑ
469 5331 505 5386 de
520 5339 660 5406 potestate
673 5357 748 5398 meu.
1094 5365 1242 5404 moresne
1258 5348 1323 5402 duri
1340 5347 1375 5401 ud
1400 5343 1513 5418 lapides
1527 5347 1727 5408 cucurrerunt,
1744 5337 1815 5394 sicut
1827 5341 1894 5386 eran·

252 5438 265 5466 a
282 5416 366 5472 Peter
382 5433 465 5474 meus
482 5423 558 5491 quod
581 5425 660 5481 dedit
679 5431 763 5498 mihi,
781 5433 878 5505 mqjus
903 5435 1040 5491 omnibus
1094 5437 1198 5512 gelista
1213 5437 1303 5492 dicit:
1527 5423 1534 5434 ’

121 5591 126 5598 ῃ
216 5508 300 5572 acsi.
314 5527 328 5554 »
344 5505 425 5572 Quod
445 5507 526 5564 dedit
540 5509 624 5568 Pater
634 5514 715 5583 lilio,
731 5521 827 5591 majus
843 5522 981 5578 omnibus
997 5529 1042 5580 est
1130 5551 1144 5576 a
1160 5525 1301 5583 'inierunt
1311 5523 1637 5598 lapidesutlupidarent
1651 5536 1729 5578 eum.
1747 5537 1761 5568 »
1773 5506 1895 5570 uomicas

215 5593 637 5672 etipseilitessetunigenitus
650 5603 1041 5680 Filius,aequalisctoonsub·
1095 5632 1151 5670 non
1169 5615 1419 5688 patiebaturquod
1436 5613 1552 5671 nolebat
1565 5611 1635 5684 pati,
1651 5613 1680 5667 et
1692 5603 1896 5672 nonrestptt⁸sul
