4018 6178
775 179 939 225 ΙῗΙΙΙιι-Ἷ..

176 357 216 420 se
455 355 660 422 sardonis
682 310 914 473 acepit-<sva
984 233 1102 456 mat}
1122 351 1209 415 uer.
1233 351 1333 414 raas
1356 349 1602 414 u-uonun.
1850 353 1891 412 ιι

173 496 203 550 et
217 493 346 550 loannes
361 507 426 548 esee
441 489 577 565 poterat?
592 491 648 548 Sed
672 472 832 562 utrumque
856 490 1003 562 quomode
1016 485 1045 554 Α
1060 487 1130 541 bum
1142 485 1290 560 oratapnd
1299 485 1393 552 Deum
1404 482 1718 542 etDeuseratVerhum
1726 483 1820 558 (toan.
1830 484 1891 558 ι).ιι

173 599 275 639 verum
284 581 332 648 sit,
345 581 401 637 cito
413 580 628 655 cognoscimus,
642 580 667 636 si
678 580 765 637 verba
775 577 881 653 angeli,
894 576 1013 650 quihus·
1055 575 1091 632 at
1104 573 1228 632 iterum:
1241 598 1255 627 ιι
1261 574 1389 632 Verbum
1400 589 1467 631 caro
1478 574 1588 630 laetum
1599 576 1654 642 est,
1661 575 1690 630 et
1700 572 1844 630 habitavit
1860 576 1891 631 in

175 670 212 727 ad
222 670 391 726 Zachariam
403 669 519 726 locutus
530 672 652 727 osteum
664 669 807 726 loannem
819 667 1003 724 nasciturum
1056 663 1142 721 nobis
1157 663 1259 738 (ibid).
1273 687 1286 716 ιι
1305 665 1345 722 Ne
1359 664 1439 722 enim
1451 662 1574 720 Domino
1587 666 1745 736 apparente
1755 662 1893 721 humana

173 759 354 832 prediceret,
364 759 400 815 ad
410 759 581 816 memoriam
591 760 776 824 reducamus.
786 756 917 812 Aitenim
927 755 1003 812 inter
1056 752 1171 810 cacitas
1183 752 1213 809 in
1224 755 1288 826 ejus
1297 753 1428 810 claritate
1438 751 1710 820 subitoott'crendet¹
1720 751 1832 810 missus
1844 757 1892 811 est

175 853 296 906 catera:
313 871 328 900 ιι
344 849 410 921 lpse
425 848 539 921 praeibit
554 851 621 904 ante
636 845 720 904 illum
736 846 765 902 in
780 845 886 918 spiritu
902 850 931 902 et
945 844 1001 900 vir·
1056 841 1258 901 loannesante
1268 841 1894 916 Dominumquasilueernaantesolem,vox

174 941 237 994 tute
251 937 319 994 ulie
336 938 409 1012 (tce.
425 941 458 1007 1).
477 961 491 988 »
516 937 557 993 lix
576 937 683 1009 quibus
708 935 803 992 verbis
826 935 1001 1003 ostenditur,
1057 931 1264 1000 anteverbum,
1274 947 1368 1004 preco
1378 930 1633 1004 antejudicem,ut
1642 929 1814 1004 scilieetper
1823 931 1893 1004 ejus

175 1027 243 1100 quia
257 1027 384 1084 loannes
400 1027 430 1082 in
451 1043 577 1099 persona
592 1025 669 1082 Elias
690 1041 746 1082 non
762 1028 834 1093 erat,
852 1024 880 1078 in
897 1023 1002 1096 spiritu
1057 1020 1295 1094 praedicationem
1312 1019 1563 1078 cordahominum
1575 1020 1611 1076 ad
1621 1018 1781 1078 videndum
1795 1022 1893 1078 Deum

174 1121 272 1172 autem
284 1115 441 1173 Dliaserat.
459 1114 874 1182 OuiasicutDliasedventum
885 1111 1003 1170 Domini
1058 1114 1301 1182 prepararentur,
1327 1108 1404 1166 sicut
1428 1125 1479 1182 per
1502 1109 1646 1166 loannem
1675 1107 1892 1183 evangelistam

174 1203 1004 1277 seeundumpraecessurusest,quondovonturusestjudi·
1057 1198 1244 1256 dictumest:
1260 1221 1274 1249 ιι
1288 1199 1354 1255 Fuit
1369 1198 1456 1256 homo
1472 1199 1582 1256 missus
1597 1215 1615 1254 a
1629 1197 1698 1266 Deo,
1715 1198 1762 1254 cui
1779 1215 1892 1256 nomen

174 1310 240 1350 care
256 1293 418 1349 mundum:
435 1293 477 1348 sic
493 1293 622 1349 ioannes
637 1293 794 1349 adventum
810 1290 927 1347 Domini
943 1290 1003 1364 pri·
1057 1287 1186 1346 loannes
1201 1292 1272 1346 arnt.
1284 1288 1335 1346 llic
1350 1287 1466 1345 venitin
1483 1287 1695 1357 testimonium,
1712 1293 1745 1344 ut
1756 1287 1894 1346 matimo-

173 1399 256 1438 mum
271 1383 432 1455 precessit,
456 1383 574 1455 quando
594 1381 673 1438 venit
689 1380 830 1437 redimere
846 1380 1001 1436 mundum.
1057 1377 1140 1434 nium
1156 1377 1322 1451 perhiberet
1337 1376 1505 1448 delumine,
1517 1381 1662 1435 utomnes
1675 1377 1895 1452 crederentper

172 1471 207 1528 ut
217 1471 293 1528 sicut
308 1469 358 1528 ille
369 1489 464 1544 praeoo
476 1472 594 1527 iuturus
604 1476 649 1528 est
660 1470 785 1542 Judiois,
803 1471 843 1526 ita
859 1471 914 1528 iste
930 1488 1002 1544 prae-
1057 1465 1151 1523 illum.
1169 1467 1232 1524 Non
1248 1473 1310 1524 arat
1326 1465 1376 1524 ille
1389 1465 1449 1536 lux,
1465 1466 1517 1524 sed
1533 1471 1566 1525 ut
1579 1466 1782 1524 testimonium
1793 1467 1896 1541 perhi-

173 1559 1003 1634 cursorfactusestRedemptorisDtideoquodDominus
1057 1555 1894 1630 beretdelumine.»Clamabatergoloannesindeserto,id

173 1649 245 1706 dicit
257 1651 292 1706 de
306 1649 422 1722 spiritu,
447 1649 502 1704 hoc
525 1649 652 1706 loannes
669 1649 793 1723 denegat
816 1650 852 1706 de
866 1665 1001 1723 persona.
1057 1646 1138 1702 estin
1150 1646 1319 1702 Judoorum
1329 1644 1612 1720 populo.Duiaenim
1623 1645 1896 1702 desertumdicitur

173 1740 209 1795 ut
221 1737 299 1811 quod
311 1739 440 1795 loannes
451 1739 485 1795 de
497 1755 622 1812 persone
632 1743 731 1812 negat,
747 1739 802 1796 hoc
813 1738 956 1795 Dominus
968 1739 1003 1795 de
1059 1734 1439 1806 derelictum,rectedesorti
1449 1737 1567 1792 nomine
1576 1734 1896 1792 iudeorumcensetur

173 1826 279 1899 spiritu
289 1827 426 1882 affirmat.
437 1827 576 1892 Quamvis
586 1819 676 1899 igitur
686 1831 817 1900 tempore
827 1827 953 1882 luissent
962 1825 1004 1881 di·
1059 1823 1196 1898 populus,
1213 1824 1263 1896 qui
1279 1821 1486 1898 derelinquens
1497 1823 1665 1894 Dominum,
1678 1822 1837 1882 derelictus
1848 1829 1898 1883 est

172 1914 238 1982 visi,
256 1918 352 1971 tamen
370 1914 476 1988 spiritu
493 1915 610 1971 luerunt
627 1915 711 1971 uniti.
729 1916 763 1971 at
777 1915 847 1988 quia
860 1914 1003 1971 Dominus
1060 1915 1155 1982 abeo,
1171 1913 1304 1970 stanteis
1320 1913 1390 1970 alibi
1409 1913 1553 1970 Dominus
1577 1913 1741 1986 exprobrat,
1766 1913 1896 1972 dicens:

175 2002 380 2077 spiritualibus
395 2003 549 2076 discipulis
573 2003 759 2076 loquebatur,
779 2004 888 2077 quihus
902 2003 1004 2060 datum
1059 2025 1074 2054 ιι
1090 2003 1162 2059 Dece
1173 2001 1578 2076 relinqueturdomusvestra
1591 2004 1708 2059 deserta
1721 2001 1865 2076 (Luaxv).
1881 2025 1898 2056 ιι

175 2095 238 2147 erat
247 2109 334 2148 nosse
344 2091 518 2166 mysterium
529 2093 610 2167 regni
623 2093 685 2162 Dei,
697 2093 819 2168 dignum
831 2095 893 2149 erat
903 2095 935 2150 ut
945 2093 1004 2166 spi·
1060 2091 1092 2148 lu
1102 2091 1157 2148 hoo
1173 2108 1241 2165 ergo
1252 2092 1368 2150 deserte
1379 2091 1509 2148 Joaunes
1520 2091 1677 2158 clamabat,
1688 2107 1756 2148 eum
1767 2107 1896 2164 peccan-

174 2179 309 2238 ritualcrn
326 2181 361 2238 de
375 2181 487 2238 Joanne
511 2182 685 2239 sententiani
708 2183 859 2256 proterret,
884 2181 1003 2239 dicens:
1058 2179 1138 2238 tibus
1152 2181 1354 2255 paenitentiam
1367 2179 1691 2258 praedieabatdicens:
1710 2181 1898 2240 «Genimina

90 2327 105 2347 ⁸
176 2291 190 2320 ιι
201 2270 329 2326 loannes
343 2269 406 2344 ipse
417 2274 462 2326 cst
472 2270 560 2328 Elias.
574 2294 587 2322 ιι
600 2270 729 2328 loannes
739 2289 806 2332 vero
817 2271 1006 2344 requisitusa
1058 2270 1235 2342 viperarum,
1248 2271 1314 2344 quis
1323 2271 1452 2328 ostendit
1461 2270 1546 2327 vobis
1557 2270 1656 2344 lugere
1668 2274 1818 2327 eventura
1828 2270 1897 2332 ira?

174 2357 295 2425 Judaeis,
312 2359 364 2432 qui
381 2363 495 2415 tantum
512 2359 651 2428 litteram,
668 2377 725 2416 non
741 2365 840 2417 autem
855 2359 1003 2434 spiritum,
1059 2357 1144 2415 facile
1159 2375 1227 2432 ergo
1251 2359 1365 2416 fructus
1388 2359 1494 2434 dignos
1509 2359 1687 2434 paenitentia
1711 2361 1786 2431 (tac.
1804 2363 1859 2429 ιιι).
1879 2383 1895 2412 ιι

174 2453 454 2519 pensarenoverant,
467 2449 590 2522 dignum
600 2448 655 2505 tuit
666 2453 699 2505 ut
709 2466 768 2506 non
778 2450 814 2506 de
824 2448 941 2521 spiritu,
953 2451 1003 2507 sed
1059 2447 1114 2504 Sed
1138 2447 1234 2504 adhue
1250 2448 1320 2520 quid
1336 2447 1516 2518 clamaverit,
1532 2445 1709 2504 audiamus:
1734 2471 1748 2499 ιι
1765 2447 1896 2522 Dirigite

175 2537 211 2592 de
226 2553 281 2594 sua
291 2555 417 2610 persona
429 2537 551 2595 diceret:
565 2561 578 2589 ιι
591 2539 652 2596 Νοιι
665 2557 731 2596 sum
744 2537 832 2595 Elias.
844 2559 858 2589 ιι
873 2538 1004 2612 Denique
1057 2537 1135 2593 viam
1160 2536 1288 2606 Domini,
1310 2537 1388 2594 sicut
1408 2537 1482 2593 dixit
1509 2536 1600 2595 lsaias
1625 2537 1776 2611 propheta.
1794 2558 1810 2588 ιι
1834 2537 1895 2595 via

175 2626 200 2682 si
216 2625 283 2698 quis
299 2627 631 2701 amborumprueconum
643 2628 787 2685 actionem
798 2627 953 2700 diligenter
963 2629 1005 2684 in·
1058 2625 1136 2682 enim
1154 2626 1271 2682 Domini
1287 2627 1324 2683 ad
1334 2643 1384 2683 cor
1395 2624 1542 2700 dirigitur,
1553 2643 1622 2684 cum
1632 2627 1669 2684 ad
1680 2629 1825 2700 precepta
1835 2625 1893 2684 Dei

175 2713 1003 2790 spiciat,unumeumdemquespirituminutrisqueope-
1059 2713 1892 2774 audienduoorhumiliterincliaatur.alitemviaDomini

176 2806 284 2870 ratum,
294 2804 439 2878 intelligit.
452 2803 530 2861 Elias
540 2821 667 2878 numque
679 2805 708 2862 in
719 2807 833 2863 deserto
844 2805 911 2873 ruit,
922 2805 1003 2862 simi·
1058 2803 1306 2878 adcordirigitur,
1317 2821 1385 2861 cum
1395 2805 1505 2862 bonum
1516 2805 1595 2878 quod
1605 2820 1656 2861 eor
1666 2803 1813 2879 intelligit,
1826 2822 1892 2862 ma·

175 2892 1004 2969 literetloannes.Eliosquadragintadiehusolnoetibus
1058 2910 1114 2950 nus
1129 2897 1275 2966 operatur.
1289 2893 1345 2950 Sed
1361 2893 1462 2950 dootor
1477 2891 1599 2966 quilibet
1610 2892 1641 2949 in
1656 2891 1788 2968 exemplo
1798 2893 1890 2951 loan-

171 2981 318 3053 jejunavit
332 2984 390 3052 (lll.
407 2987 472 3054 neq.
488 2987 557 3054 xix),
568 2987 596 3040 et
610 2983 738 3042 loannes
749 2976 910 3042 inauditam
921 2987 1003 3060 prius
1057 2983 1104 3039 nis
1114 2981 1298 3055 dirigitviam
1307 2981 1435 3049 Domini,
1446 2982 1564 3056 quando
1577 2981 1723 3039 declinare
1733 2999 1750 3039 a
1760 2981 1888 3051 malo,et

175 3070 385 3128 abstinentiam
402 3073 512 3130 tenuit:
531 3073 601 3146 quia
613 3073 741 3130 locustas
756 3079 784 3132 et
799 3073 855 3132 mel
872 3075 1003 3135 silvestre
1056 3073 1267 3130 feeerebonum
1279 3072 1446 3146 persuadet,
1458 3069 1634 3128 utvidelioet
1646 3071 1789 3128 mundato
1803 3071 1887 3129 aditu

174 3159 301 3216 comedit
324 3161 415 3234 (More.
438 3165 468 3232 ι),
495 3162 570 3219 Dlias
595 3179 699 3220 zonam
724 3163 876 3238 pelliceam
899 3165 1002 3223 habuit
1057 3163 1163 3230 cordis,
1180 3162 1263 3218 illum
1283 3161 1476 3219 habitatorem
1492 3161 1599 3218 habers
1612 3161 1706 3236 possit
1726 3160 1777 3234 qui
1792 3159 1884 3218 dicit:

172 3249 249 3306 eirea
278 3248 395 3308 lumbos
430 3251 474 3325 (Ν
494 3253 557 3324 lleq.
586 3255 617 3322 ι),
645 3253 783 3309 similiter
815 3259 844 3310 et
872 3235 1037 3310 loannesC
1057 3271 1070 3300 ιι
1087 3249 1592 3324 Dooeegostoadostiumetpulso.
1609 3249 1721 3322 Siquis
1736 3251 1886 3324 aperuerit

169 3341 281 3407 (Metili.
298 3341 349 3412 ιιι).
367 3340 445 3396 Elias
460 3341 617 3397 Jordanem
642 3341 763 3396 fluvium
789 3340 877 3412 pallio
902 3341 1001 3398 divisit
1054 3338 1136 3407 mihi,
1153 3339 1268 3395 intrabo
1284 3339 1320 3395 ad
1337 3337 1433 3408 illum,
1449 3342 1478 3398 et
1492 3340 1613 3396 coenabo
1627 3355 1695 3396 cum
1710 3337 1774 3408 illo,
1788 3342 1818 3396 at
1833 3337 1886 3397 ille

169 3425 214 3498 (ll'
227 3427 292 3495 nen.
303 3428 372 3499 xix),
385 3432 413 3483 et
427 3426 555 3483 loannes
566 3428 595 3482 in
607 3427 734 3484 Jordane
746 3428 832 3484 lluvio
844 3429 1000 3502 baptizavit
1054 3443 1169 3483 meeum
1188 3430 1278 3500 (lpoc.
1296 3431 1350 3496 111).
1368 3451 1382 3478 ιι
1406 3426 1515 3486 Taliter
1528 3427 1620 3501 igitur
1634 3429 1718 3487 nobis
1734 3429 1810 3485 viam
1827 3433 1884 3488 Do·

171 3513 308 3586 (loon.1).
337 3514 417 3571 Elias
441 3516 675 3588 persecutionem
691 3517 728 3572 ah
756 3516 855 3573 Achab
883 3536 950 3593 rege
971 3523 1000 3576 et
1054 3515 1883 3592 minipreparantibuslesusadcornostrumperfidem

154 3599 349 3674 impiissima
364 3603 465 3677 regino
479 3603 594 3660 lezabel
611 3619 717 3677 passus
734 3610 779 3662 est
789 3607 839 3675 (lll
849 3607 912 3676 lleq.
929 3611 998 3678 xix),
1052 3605 1150 3662 venire
1171 3605 1351 3680 dignabitur,
1367 3607 1521 3680 sicutipse
1536 3607 1620 3664 aitin
1635 3606 1807 3681 Evangelio:
1825 3632 1839 3660 ιι
1852 3609 1887 3666 Si

170 3693 200 3746 et
224 3690 352 3748 loannes
376 3692 412 3748 ab
428 3691 539 3748 Herode
555 3699 673 3766 propter
694 3694 885 3752 Herodiadem
906 3697 1000 3769 capite
1053 3691 1121 3764 quis
1134 3692 1297 3766 diligitme,
1314 3710 1480 3752 sermonem
1491 3712 1591 3751 meum
1607 3695 1744 3762 servabit,
1759 3695 1887 3754 etPater

170 3783 325 3836 truncatus
340 3785 384 3836 est
408 3781 572 3855 (iteravi).
591 3805 601 3832 ι
621 3783 765 3856 Propheta
780 3801 811 3840 es
833 3785 889 3840 tu‘l
902 3785 937 3842 Dt
952 3803 999 3842 re·
1053 3797 1138 3838 meus
1161 3781 1261 3856 diliget
1283 3799 1362 3853 eum,
1377 3788 1406 3840 et
1428 3783 1466 3840 ad
1480 3801 1548 3842 eum
1563 3785 1725 3854 veniemus,
1748 3789 1777 3841 et
1796 3801 1884 3842 man·

171 3869 309 3942 spondit:
326 3869 399 3926 Non.
414 3892 427 3920 ιι
444 3869 509 3927 ldeo
524 3875 622 3927 eutem
638 3872 767 3929 loannes
779 3873 951 3946 prophetam
968 3891 999 3931 sa
1053 3870 1165 3928 sionem
1181 3873 1258 3946 apud
1278 3889 1346 3930 eum
1360 3873 1502 3931 iaciemus
1519 3875 1605 3933 iteca.
1622 3875 1689 3938 xvv).
1703 3895 1717 3924 ιι
1734 3873 1815 3931 Unde
1831 3891 1887 3948 per

172 3958 518 4031 essenegavit,quiaplus
529 3961 999 4034 quamprophotamseesseintel-
1053 3961 1239 4020 Psalmistam
1255 3962 1495 4036 praedicatoribus
1509 3962 1633 4020 dieitur:
1653 3986 1667 4014 ιι
1682 3965 1738 4021 lter
1754 3963 1840 4021 tacite
1856 3965 1885 4022 ei

171 4044 251 4102 laxit.
261 4045 409 4120 prophete
421 4049 636 4105 enimolllcium
647 4055 692 4106 est
702 4055 823 4107 ventura
832 4053 997 4125 predicere,
1052 4051 1103 4124 qui
1126 4051 1258 4109 ascendit
1281 4069 1369 4126 super
1383 4069 1540 4110 occasum:
1558 4051 1700 4110 Dominus
1715 4069 1822 4110 nomen
1839 4052 1886 4110 illi

172 4152 231 4191 non
254 4137 587 4222 autemudcmonstrare.
605 4139 680 4213 Ergo
694 4139 824 4197 loannes
841 4141 998 4214 plusquam
1052 4142 1138 4211 (Paul.
1156 4145 1249 4211 cxvii).
1265 4165 1278 4192 ιι
1295 4143 1350 4199 Sed
1366 4143 1436 4215 quia
1450 4143 1616 4201 sacerdotes
1629 4146 1658 4199 et
1677 4142 1769 4200 levita
1785 4142 1886 4216 magis

170 4224 313 4299 propheta
325 4223 390 4296 luit,
406 4227 476 4300 quia
495 4243 562 4283 eum
576 4244 663 4300 quem
684 4231 838 4286 venturum
855 4229 997 4302 praedixit,
1053 4229 1283 4303 reprehendendi
1298 4231 1395 4310 studio
1407 4249 1495 4305 quam
1511 4231 1644 4290 discendi
1654 4236 1721 4289 voto
1736 4233 1884 4290 loannem

170 4316 258 4373 etiam
274 4314 387 4374 venisse
412 4315 504 4390 digito
520 4317 741 4388 demonstravit,
758 4318 878 4377 dicens:
895 4343 909 4372 «
926 4321 998 4377 Ecce
1052 4318 1280 4394 interrogabant,
1297 4320 1384 4377 tacite
1399 4321 1579 4394 evangelista
1593 4320 1780 4378 manifestare
1796 4337 1886 4378 cura-

168 4405 269 4478 Agnus
284 4405 343 4474 Dei,
355 4423 421 4463 ecce
433 4406 482 4479 qui
494 4405 700 4480 tollitpeooala
715 4408 819 4466 muudi
835 4411 923 4482 (loen.
938 4411 969 4482 ι).
984 4433 997 4462 ιι
1051 4407 1101 4475 vit,
1116 4425 1182 4464 oum
1198 4401 1350 4481 adjunxit:

169 4493 225 4548 Sed
237 4495 402 4552 secerdotes
417 4501 445 4551 et
458 4495 563 4565 levita,
575 4497 623 4568 qui
637 4496 674 4552 ad
683 4497 826 4554 Joaunem
837 4499 922 4555 missi
936 4499 998 4555 lue.
1088 4517 1102 4546 ιι
1112 4496 1146 4552 ut
1161 4496 1211 4568 qui
1228 4496 1311 4553 missi
1322 4498 1448 4568 fuerant,
1459 4503 1543 4556 erant
1553 4515 1588 4556 ex
1597 4498 1761 4572 phariseis.
1771 4521 1784 4549 ιι
1801 4499 1839 4556 Ac
1856 4501 1885 4556 si

168 4585 244 4645 rant,
262 4581 537 4658 adhuediligentius
552 4584 665 4657 quissit
675 4583 838 4656 inquirunt,
849 4586 996 4644 dieentes:
1013 4604 1036 4669 p)
1051 4585 1178 4641 diceret:
1194 4583 1239 4641 llli
1253 4585 1396 4644 loannem
1410 4587 1447 4644 de
1467 4589 1529 4646 suis
1550 4588 1665 4646 actibus
1679 4587 1884 4662 requirebant,

204 4690 218 4717 ιι
236 4668 305 4734 Quis
317 4686 385 4744 crgo
399 4689 440 4740 cs,
453 4677 485 4729 ut
496 4689 669 4746 responsum
681 4673 785 4730 demus
795 4673 841 4730 his
851 4676 901 4747 qui
912 4675 997 4732 mise·
1051 4673 1203 4748 quimagis
1210 4673 1748 4750 solebantdoctrinaminvidere,quam
1756 4676 1885 4736 imitari.

169 4779 183 4808 ιι
196 4761 264 4814 runt
280 4759 355 4815 nost
370 4759 440 4832 quid
457 4761 530 4819 dieis
546 4762 581 4818 de
596 4761 714 4836 teipso?
733 4786 745 4812 ιι
761 4763 817 4819 Sed
834 4761 882 4820 ille
898 4764 949 4837 qui
964 4783 995 4822 se
1086 4786 1100 4816 ιι
1116 4763 1152 4820 Dt
1167 4763 1418 4838 interrogaverunt
1432 4784 1499 4824 eum
1514 4772 1542 4824 et
1554 4768 1691 4825 dixerunt
1706 4768 1742 4824 ei.
1753 4790 1767 4816 ιι
1779 4767 1836 4824 Sed
1847 4767 1885 4826 hi

167 4845 317 4902 Christum
334 4854 498 4922 negaverat,
511 4850 561 4925 qui
573 4869 603 4908 se
615 4869 709 4925 neque
720 4851 813 4908 liliam
825 4868 920 4925 neque
929 4871 995 4926 pro·
1049 4853 1098 4926 qui
1111 4852 1194 4910 missi
1204 4854 1330 4924 fuerant,
1342 4856 1413 4929 quia
1426 4856 1462 4913 de
1475 4873 1600 4930 persona
1612 4871 1787 4929 responsum
1799 4872 1885 4914 acoe-

168 4932 287 5006 phetam
303 4953 366 4992 esse
379 4938 502 5007 dixerat,
516 4941 586 5014 quid
597 4941 633 4998 de
644 4959 675 4998 se
690 4942 807 5012 sentiat,
820 4941 911 5015 aperit
926 4959 993 4999 cum
1048 4947 1161 5017 perant,
1178 4943 1266 5000 etiam
1278 4945 1313 5002 de
1324 4945 1487 5002 ministerio
1498 4944 1720 5018 inquisitionem
1731 4944 1884 5004 iaciebant

168 5023 341 5097 subjungit:
357 5097 365 5112 ,
1048 5031 1197 5090 dicentes:
1215 5055 1229 5085 ιι
1246 5033 1319 5099 Quid
1336 5050 1403 5108 ergo
1423 5033 1564 5108 baptizas,
1582 5033 1654 5091 situ
1671 5050 1729 5091 non
1745 5051 1776 5092 es
1792 5034 1882 5092 Chri-

206 5135 216 5162 ι
234 5113 293 5186 ligo
306 5129 357 5168 vox
367 5114 522 5172 clamantis
534 5119 563 5174 in
574 5121 698 5179 desorto.
709 5147 721 5172 ιι
734 5121 856 5179 Pulchre
867 5139 898 5179 se
908 5122 994 5181 Joan·
1048 5144 1062 5173 ιι
1074 5125 1133 5192 tus,
1150 5140 1244 5196 nequo
1259 5121 1347 5190 Elias,
1369 5139 1463 5195 neque
1477 5121 1667 5196 prophetat»
1691 5124 1731 5179 Ao
1746 5122 1770 5179 si
1795 5121 1881 5178 dioe-

166 5217 219 5258 nas
234 5217 332 5258 vocem
348 5201 429 5271 dixit,
448 5204 517 5275 quia
532 5209 651 5265 verbum
667 5213 797 5284 preibat.
816 5211 993 5269 Inhumana
1048 5216 1127 5269 rent:
1143 5213 1234 5285 GuJ'us
1245 5211 1427 5270 auctoritatis
1437 5229 1479 5279 es,
1491 5216 1524 5269 ut
1534 5228 1638 5270 novam
1649 5212 1814 5269 doctrinam
1826 5229 1881 5268 au·

166 5289 245 5346 enim
256 5289 401 5348 locutione
412 5296 621 5366 voxpreeoedit,
636 5302 663 5353 ot
674 5303 860 5370 postmodum
870 5301 992 5360 verbum
1048 5301 1117 5358 deas
1132 5303 1245 5370 docere,
1261 5305 1290 5357 et
1304 5300 1470 5358 inauditum
1483 5302 1566 5376 prius
1580 5300 1752 5360 hominibus
1762 5299 1879 5374 baptis-

165 5379 992 5464 sequitur:quianonpotoritverhumiormari‚nisiprius
1047 5389 1878 5465 mumdare,eumtunonsisChristus,nequeDlias,ueque

162 5485 219 5524 vox
233 5469 374 5527 sonuerit.
391 5471 478 5528 Recte
493 5489 561 5545 ergo
572 5472 699 5531 loannes
715 5495 745 5532 se
760 5497 858 5537 vocem
871 5481 991 5552 fatetur,
1046 5479 1211 5554 prephata?
1221 5479 1255 5534 ut
1269 5479 1348 5552 quia,
1361 5482 1521 5538 secundum
1538 5480 1663 5555 apostoli
1673 5479 1878 5538 Petrieenten-

165 5557 235 5632 quia
250 5557 370 5616 verbum
386 5560 518 5634 preibat,
533 5559 604 5617 illud
622 5561 733 5620 scilicet
746 5567 780 5622 de
791 5585 848 5642 quo
862 5570 990 5629 loannes
1045 5571 1152 5640 tiam(l
1164 5570 1237 5625 Patr.
1255 5571 1306 5638 ιιι),
1319 5572 1413 5642 parati
1437 5587 1555 5644 sempor
1577 5587 1642 5628 csse
1665 5569 1817 5636 debemus,
1835 5569 1874 5627 ad

165 5647 431 5726 evangelistadicit:
442 5675 456 5704 ιι
467 5655 499 5710 ln
510 5649 653 5731 principio
664 5654 871 5728 erotllorbum,
884 5665 912 5718 ot
922 5660 990 5718 Ver·
1045 5659 1223 5720 reddendam
1247 5659 1390 5722 rationem
1406 5660 1486 5722 omni
1502 5660 1646 5738 poscenti,
1662 5660 1698 5720 de
1712 5675 1746 5720 ea
1761 5673 1826 5738 qua
1841 5657 1876 5722 in
