3988 6180
195 311 250 410 eir
476 346 678 410 navamus
703 345 973 408 asserueris.
998 343 1119 406 masc
1137 343 1222 406 err.
1247 345 1346 407 mas
1368 344 1610 408 11.-ii0ll1n.
1796 353 1841 415 aa

195 479 285 555 ligere
298 477 376 536 diota
389 481 418 534 et
427 478 560 551 exempla
574 479 800 551 praecedentium
815 481 943 551 patrum.
956 475 1018 534 Cnl·
1035 480 1062 544 Α
1332 465 1334 474 ⁴
1382 476 1535 534 HOllllLlA
1548 477 1591 536 lv.

195 571 293 628 0⁰⁸i0⁸
307 581 375 640 “8⁰
390 567 479 639 pedes
489 566 644 636 hibemub
656 577 723 623 ⁰¹¹111
738 565 824 624 dictis
838 571 867 624 ti
882 564 1023 639 “emilis
1138 601 1278 640 nourrius
1297 600 1431 642 vanescant
1446 601 1572 642 sacuam
1589 602 1652 644 rosa
1667 604 1806 646 ramirans.

195 654 421 731 precedentium
435 660 552 729 patrum
568 656 686 724 muniti,
702 656 797 714 securi
813 657 850 713 ad
865 654 1024 730 predican-

196 744 857 818 dumEvangeliumpacis,qaiaihicontinetur
866 762 923 818 pax
933 761 1023 817 quem
1113 742 1234 814 (Parare.
1251 743 1299 816 air
1311 745 1438 813 Fratres,
1451 743 1657 810 eenttdimusin
1671 746 1846 816 Dominoiesa,
1943 751 1944 810 t

196 832 330 892 Christus
353 831 492 906 apostolis
517 834 733 890 commendavit
748 835 837 906 (loon.
850 833 918 906 xiv),
939 837 968 889 et
993 833 1022 888 in
1079 855 1093 882 ι(
1109 832 1178 905 quia
1194 832 1244 906 qui
1259 833 1347 906 coepit
1371 832 1401 888 in
1431 833 1516 889 nobis
1540 849 1610 906 opus
1630 833 1849 908 honam,pertieiet

198 920 338 996 apostolis
353 921 491 978 omnibus
506 921 652 990 fidelibus,
668 923 712 980 vel
726 922 814 980 etiam
830 923 901 996 quia
914 939 965 995 per
975 922 1024 979 ob·
1080 943 1094 972 a
1110 921 1248 994 usquein
1264 921 1341 978 diem
1356 921 1427 978 lesu
1442 920 1557 978 Christi.
1569 943 1583 972 a
1595 920 1726 989 Christus,
1737 921 1780 996 qui
1790 923 1851 980 dedit
1943 943 1944 958 ι

197 1010 374 1068 servantiam
388 1010 543 1084 Evangelii,
560 1027 708 1068 meremur
722 1010 902 1069 reconciliari
918 1011 986 1066 Deo.
1078 1009 1163 1067 nohis
1178 1010 1296 1066 initium
1311 1010 1379 1066 fidei
1395 1015 1424 1066 et
1439 1011 1520 1066 bone
1535 1009 1848 1079 conversationis,dahitet

234 1121 248 1152 a
260 1099 292 1156 ln
303 1097 441 1156 omnibus
453 1122 467 1150 a
479 1099 624 1172 preliiset
633 1100 864 1157 certaminibus«
874 1104 1024 1156 sumentes
1078 1098 1325 1172 perseverantiam
1340 1114 1434 1172 usque
1453 1097 1483 1154 in
1506 1099 1582 1156 diem
1596 1098 1691 1155 mortis
1711 1103 1808 1162 nostra,
1818 1097 1851 1155 vel

198 1211 212 1239 a
223 1191 341 1246 scutum
352 1187 469 1256 ltdei,in
480 1206 538 1263 quo
549 1187 1024 1262 possitisomaiatelanequissimi
1078 1203 1173 1260 usque
1188 1188 1224 1243 ad
1240 1187 1316 1242 diem
1329 1185 1434 1260 judicii
1449 1203 1501 1260 per
1515 1187 1726 1244 successionem.

200 1277 308 1351 «ignes
318 1276 512 1351 exstinguere.
526 1277 689 1351 »Quidquid
713 1277 824 1336 missile
842 1281 887 1334 est
907 1283 936 1334 ει
950 1277 1023 1350 jaci·
1115 1299 1129 1326 a
1147 1275 1230 1332 Sicut
1238 1277 1356 1348 justum
1371 1275 1498 1332 estmihi
1512 1274 1567 1332 hoe
1580 1275 1681 1332 sentire
1693 1273 1852 1347 proomnibus
1943 1241 1944 1276 ἶ

198 1366 357 1440 tur,telum
368 1366 749 1440 petestappellari,proprie
758 1365 935 1424 tamenillud
946 1365 1024 1440 quod
1079 1389 1093 1416 a
1109 1364 1201 1430 vobis,
1219 1387 1234 1415 »
1248 1364 1277 1420 id
1293 1368 1347 1434 est,
1357 1365 1472 1435 justum
1484 1368 1529 1421 est
1542 1363 1612 1420 mihi
1627 1363 1678 1420 hee
1687 1361 1821 1435 intelligere
1828 1363 1854 1418 de

197 1453 227 1510 in
239 1454 360 1529 longum
372 1456 567 1528 protenditur,
578 1459 613 1512 ut
623 1454 735 1512 lancea.
746 1456 820 1512 Nam
833 1454 911 1514 telon
924 1455 1026 1512 dieunt
1077 1453 1171 1521 vohis,
1182 1454 1251 1526 quia
1263 1453 1472 1527 permanebitis
1484 1452 1513 1509 in
1530 1453 1586 1510 fide
1599 1451 1708 1519 Christi,
1718 1455 1743 1508 et
1754 1450 1806 1507 ideo
1818 1451 1854 1506 de·

198 1541 289 1603 Graeei
306 1543 438 1617 longam.
454 1543 536 1600 Unde
557 1543 682 1601 mustela
702 1545 811 1601 dieitur
826 1562 892 1600 mas
907 1543 1023 1617 longus.
1079 1543 1132 1599 heo
1147 1543 1285 1615 gaudere.
1305 1543 1374 1600 qu
1389 1543 1465 1617 quod
1482 1542 1606 1599 habeam
1617 1558 1666 1598 vos
1679 1541 1707 1596 in
1719 1539 1792 1597 eorde
1802 1545 1825 1595 et
1835 1539 1856 1594 iu

197 1631 281 1688 Siout
295 1635 412 1689 scutum
429 1649 460 1689 se
475 1637 623 1690 tenentem
635 1633 770 1707 protegit,
788 1639 817 1690 ot
830 1632 888 1710 tela
899 1631 1023 1707 repellit,
1081 1653 1095 1682 a
1110 1631 1235 1688 vinealis
1250 1632 1335 1700 meis,
1353 1655 1367 1682 a
1384 1631 1413 1688 id
1428 1635 1474 1688 est
1492 1631 1580 1688 vestri
1603 1629 1767 1695 reminiscor,
1780 1651 1792 1678 a
1804 1631 1826 1682 ει
1835 1626 1857 1682 ia
1943 1691 1944 1710 χ

196 1720 324 1778 italides
339 1720 489 1778 bominem
503 1721 610 1787 munit,
623 1727 652 1778 et
665 1740 682 1778 a
696 1721 811 1778 diabolo
822 1720 933 1793 iaculis
946 1721 1025 1778 etin·
1080 1744 1094 1770 a
1111 1721 1280 1778 defensione
1297 1724 1326 1776 et
1340 1719 1369 1776 in
1389 1719 1610 1778 confirmatione
1632 1716 1774 1792 Evangelii,
1787 1715 1857 1772 sorios

197 1809 554 1876 festationibuedet'endit,
569 1808 621 1865 illa
634 1815 732 1866 tamen
747 1827 811 1881 qus
835 1799 924 1865 luerit
939 1809 1025 1865 honis
1082 1829 1093 1859 ι
1111 1809 1210 1882 gaudii
1226 1809 1293 1878 mei,
1312 1831 1326 1858 n
1342 1809 1370 1864 id
1396 1813 1442 1865 est
1456 1807 1657 1880 promissionis
1683 1809 1782 1861 sicine
1800 1803 1858 1859 viis,

199 1897 338 1971 operibus
353 1897 503 1952 adornata.
516 1896 691 1954 'l'elaautem
702 1896 810 1954 diaboli
825 1897 911 1971 ignea
923 1897 1024 1970 appel·
1079 1897 1179 1955 llaltis
1189 1896 1566 1954 modisautemdefeadebat
1573 1901 1602 1954 et
1613 1893 1787 1952 confirmabat
1794 1892 1859 1947 Evaa·

198 1983 937 2060 latsuggestianempraveni,quanosiaeenduntad
947 1985 1025 2042 mala
1078 1984 1198 2060 getium,
1212 1985 1344 2042 videlieet
1359 1989 1435 2042 reete
1443 1979 1858 2056 medende,justevivendo,bene

198 2090 286 2146 opera
300 2073 423 2146 agenda,
440 2090 503 2147 quse
520 2073 756 2148 exstinguuntur,
772 2075 800 2131 id
817 2081 862 2132 est
881 2092 1024 2148 supersn-
1078 2070 1859 2154 docendo.Delendebatqaoqueetconfirmebatsanetan

199 2166 257 2232 tur,
274 2177 324 2235 per
337 2160 476 2218 virtatem
492 2162 570 2218 tldei.
1078 2179 1142 2219 esse
1157 2162 1319 2220 doctrinam
1335 2161 1494 2236 Evangelii,
1510 2162 1583 2219 dum
1606 2160 1734 2217 dicebant
1746 2157 1768 2214 ei
1782 2173 1788 2212 ε
1801 2156 1861 2228 ltegs

233 2274 247 2302 a
264 2251 300 2306 Et
313 2248 427 2323 galeam
449 2250 553 2308 salutis
573 2253 727 2309 assumito.
747 2277 757 2305 ι
776 2252 863 2310 Galea
886 2253 915 2308 in
931 2253 1025 2325 eapite
1078 2250 1229 2308 Christum
1244 2256 1272 2308 et
1282 2251 1374 2324 abjiee
1385 2251 1549 2308 doctrinam
1559 2247 1770 2320 istam,erisque
1780 2245 1863 2302 lomus

198 2338 318 2413 ponitur
340 2355 404 2411 quae
419 2356 522 2396 omnes
546 2357 652 2400 sensus
667 2341 796 2416 corporis
817 2342 924 2407 munit,
935 2341 965 2397 id
980 2345 1025 2398 est
1079 2358 1186 2414 magno
1200 2340 1310 2397 honore
1321 2341 1350 2396 in
1362 2338 1469 2413 palatio
1480 2357 1557 2410 meo,
1570 2343 1599 2395 et
1612 2337 1659 2394 ille
1673 2335 1758 2410 magis
1767 2332 1863 2405 eligebat

197 2427 338 2502 protogit:
355 2427 451 2484 visum
461 2427 594 2488 videlicet
604 2430 632 2485 in
646 2429 749 2498 oculis,
761 2429 896 2486 auditum
909 2430 937 2485 in
949 2429 1024 2486 auri·
1079 2430 1114 2486 ab
1130 2428 1180 2486 illo
1204 2427 1356 2503 flagellari,
1376 2433 1405 2485 et
1425 2428 1455 2484 in
1471 2426 1599 2485 vinculis
1622 2424 1748 2500 astringi,
1761 2437 1833 2496 quan
1844 2416 1862 2474 ei

196 2516 263 2583 bue,
274 2507 393 2590 gustum
407 2517 436 2572 in
449 2534 508 2587 ore,
522 2517 662 2575 olfactum
674 2519 703 2575 in
716 2519 847 2587 naribus,
866 2523 976 2575 tartum
994 2519 1023 2575 in
1079 2512 1511 2584 eonsenlir·e,tuncdefendebat
1519 2516 1716 2590 Evangelium.
1725 2514 1755 2570 Et
1763 2511 1863 2566 videntes

194 2608 254 2662 toto
269 2605 373 2678 eapite.
389 2606 464 2670 Quid
480 2623 548 2681 ergo
563 2608 705 2665 dehemus
727 2608 890 2681 intelligere
905 2625 956 2680 per
972 2624 1022 2680 ga·
1079 2605 1128 2662 alii
1143 2607 1209 2674 hoc,
1221 2606 1450 2663 dicebant:Vere
1462 2605 1519 2663 nisi
1530 2610 1610 2663 esset
1619 2604 1743 2661 doctrina
1751 2601 1862 2663 istavere,

195 2692 283 2763 leam,
295 2694 667 2768 qaae,atdiximus,omnes
678 2714 783 2754 sensus
794 2697 1025 2770 eorporisprote·
1078 2700 1107 2752 et
1122 2695 1178 2752 nisi
1194 2701 1271 2752 esset
1286 2695 1420 2752 Christus
1435 2695 1487 2751 Dei
1503 2695 1596 2752 Eilias
1606 2710 1699 2760 verus,
1714 2700 1864 2762 nequaquan

195 2783 416 2856 gitthominum
426 2788 559 2841 nestrum
568 2785 669 2842 lesum
676 2785 824 2842 Christum
836 2791 864 2842 et
872 2786 1024 2858 protectio·
1077 2784 1185 2841 Paulus
1196 2783 1266 2840 talia
1276 2802 1328 2857 pro
1339 2785 1404 2856 ojus
1414 2784 1533 2841 nomine
1542 2783 1708 2840 sustineret.
1719 2780 1811 2836 Omnes
1818 2789 1864 2841 voa,

196 2890 264 2937 nem
276 2872 366 2930 illius.
376 2873 430 2930 Per
440 2879 753 2947 caputvoremeutem,
766 2874 1024 2949 quiasieutoapite
1078 2871 1220 2930 subaudis
1235 2871 1299 2930 volo
1314 2889 1388 2940 esse,
1405 2873 1434 2928 id
1450 2877 1494 2929 εει
1509 2877 1590 2940 orta,
1607 2875 1641 2927 ut
1655 2870 1727 2926 sicut
1740 2866 1800 2924 estis
1812 2861 1865 2919 socii

195 2966 338 3034 reguntur
349 2962 493 3034 membra,
504 2961 849 3036 itaoogitationesmente
859 2963 1023 3037 disponun-
1078 2961 1107 3017 in
1124 2960 1222 3018 labore
1237 2960 1463 3035 predicationis,
1478 2961 1520 3017 ita
1535 2961 1604 3018 sitis
1618 2959 1684 3018 etin
1697 2950 1867 3034 remuneratio

195 3053 254 3107 tur.
266 3054 413 3108 Ponamas
421 3050 547 3125 igiturin
555 3052 658 3124 eapite,
667 3053 695 3108 id
703 3057 860 3122 estmentc,
868 3052 1022 3126 protectio-
1078 3069 1124 3107 ne.
1135 3051 1250 3130 Poterat
1268 3051 1344 3107 enim
1363 3049 1471 3124 aliquis
1482 3049 1589 3106 dicere.
1600 3047 1673 3105 Vere
1681 3043 1802 3104 circuitor
1812 3040 1867 3096 Pau-

196 3138 1022 3215 nemChristi,recordemuripsiusinseeretomontisnos·
1079 3138 1127 3196 lus
1137 3140 1252 3210 mundi,
1262 3140 1413 3208 verbosus,
1427 3155 1521 3212 neque
1535 3137 1633 3212 diligit
1655 3153 1715 3193 nos.
1726 3132 1797 3190 Unde
1815 3126 1867 3183 dicit

195 3228 640 3301 trae,habenteslnillofiduciana
653 3247 710 3287 noa
724 3231 754 3287 ia
768 3229 912 3304 nosipsos,
920 3233 948 3286 et
959 3229 1022 3304 ipse
1037 3211 1058 3278 C
1077 3227 1113 3284 ad
1129 3227 1190 3283 hese
1205 3226 1253 3283 ille
1265 3245 1289 3283 :a
1307 3228 1404 3284 'lestis
1415 3226 1493 3284 enirn
1510 3225 1585 3283 mihi
1601 3229 1647 3282 est
1660 3230 1742 3290 Deus,
1752 3215 1868 3295 quamodo

195 3317 326 3375 tuebitur
340 3335 443 3376 omnes
458 3335 564 3376 sensus
579 3325 706 3386 nostros,
722 3337 758 3376 ne
773 3338 790 3376 ε
804 3319 920 3376 diaholo
938 3319 1023 3376 hoste
1078 3339 1092 3368 a
1109 3317 1227 3390 cupiam
1243 3331 1346 3373 omnes
1360 3333 1411 3372 vos
1436 3315 1466 3370 in
1490 3314 1654 3373 visceribus
1669 3309 1767 3370 Christi
1780 3307 1867 3363 lesa-a

194 3407 315 3480 antiquo
340 3406 455 3480 possint
479 3407 637 3465 vulnerari.
657 3430 670 3462 a
685 3410 720 3466 Et
743 3409 875 3482 gladium
902 3407 1023 3483 spiritus
1076 3406 1195 3462 Viscera
1208 3406 1347 3462 dicantur
1361 3404 1424 3474 filii,
1440 3409 1469 3461 et
1483 3405 1583 3462 visens
1600 3403 1868 3474 dicitur,quanquaa1

196 3495 302 3567 «quod
317 3499 363 3552 εει
376 3495 496 3552 verbum
508 3496 599 3566 Dm,-
618 3495 760 3552 subaudis
781 3497 933 3553 assumite.
952 3496 1022 3553 Cla·
1076 3495 1152 3552 inter
1167 3511 1284 3552 earnem
1299 3497 1354 3564 est,
1370 3491 1435 3550 ideo
1457 3492 1574 3550 duobus
1601 3490 1695 3548 medis
1718 3481 1865 3556 intelligitur.

195 3582 264 3638 dias
287 3583 381 3639 saneti
407 3583 535 3656 Spiritus
558 3582 734 3657 intelligitur
760 3585 881 3640 verbum
906 3585 967 3654 Dei,
990 3591 1022 3642 ut
1076 3583 1175 3658 Cupio,
1192 3584 1298 3656 inquit,
1313 3598 1481 3640 vosomnes
1499 3581 1577 3640 filios
1591 3598 1657 3639 esse
1680 3568 1869 3646 llei,releupie

191 3669 348 3744 Apostolus
364 3670 404 3726 ait
419 3671 508 3743 (liebr.
527 3674 575 3741 ιν),
591 3671 620 3727 id
636 3677 690 3742 est,
707 3672 838 3729 doctrina
852 3677 881 3728 et
899 3672 1020 3730 seientia
1076 3677 1108 3728 ut
1119 3673 1181 3745 ipse
1197 3672 1236 3729 sit
1250 3670 1394 3744 templum
1409 3673 1551 3740 vestrum,
1569 3674 1599 3727 et
1617 3687 1669 3726 vos
1684 3661 1868 3724 communican-

191 3757 357 3837 diviaarum
367 3757 859 3834 ScripturarumqureporSpiritum
870 3761 955 3818 nobis
968 3763 1020 3819 tri·
1074 3766 1118 3818 tes
1134 3759 1246 3834 corpori
1262 3763 1291 3816 et
1305 3759 1441 3833 sanguini
1456 3758 1547 3826 illius,
1565 3758 1709 3815 maneatis
1725 3755 1753 3811 in
1766 3751 1817 3808 illo.

191 3847 334 3904 buuntur.
342 3843 452 3902 Idcirco
462 3851 559 3902 autern
568 3847 1021 3924 gladiusappellatur,quiasieut
1112 3872 1125 3902 a
1141 3851 1175 3905 Et
1190 3849 1244 3906 boe
1259 3865 1319 3916 oro,
1334 3853 1366 3904 ut
1381 3847 1509 3905 charitas
1528 3852 1627 3906 vestra
1652 3845 1743 3918 magis
1756 3859 1786 3897 ae
1799 3834 1870 3907 magis

194 3933 560 4010 gladioluganturhastes,
570 3937 611 3994 ila
621 3955 672 4011 per
685 3939 890 4011 cogitationem
906 3939 1019 3995 divina·
1075 3961 1089 3990 a
1106 3939 1245 3996 abundet.
1263 3961 1277 3988 a
1289 3937 1370 3994 Siout
1386 3937 1457 3992 fides
1468 3937 1556 3992 habet
1569 3936 1700 4004 initium,
1712 3929 1868 3989 hahetincre
1943 3933 1944 3968 1

191 4022 625 4100 rumSeriptursrum,quaeper
635 4027 775 4100 Spiritum
787 4032 922 4084 sanetum
934 4029 1018 4084 nabis
1074 4031 1206 4084 mentum
1222 4032 1250 4083 et
1265 4027 1424 4100 perlectum
1440 4043 1447 4082 ι
1466 4025 1506 4081 ita
1519 4030 1548 4082 et
1560 4025 1701 4082 ebaritas.
1717 4012 1870 4090 omiserit,
1943 4041 1944 4080 ι

190 4112 339 4181 tribuitur,
350 4129 508 4186 possumus
522 4116 623 4188 fugare
634 4133 737 4172 omnes
746 4116 870 4173 insidias
880 4122 909 4173 et
919 4117 1018 4173 omnia
1074 4119 1106 4172 ut
1121 4133 1177 4172 nan
1195 4115 1291 4172 solum
1304 4116 1339 4171 ad
1353 4115 1442 4170 [ioum
1455 4119 1484 4169 et
1495 4113 1676 4187 proximum,
1690 4111 1738 4168 sed
1749 4107 1782 4164 ad
1796 4097 1869 4160 inini—

189 4201 428 4259 meehinnmenta
440 4201 561 4272 diaboli,
570 4205 733 4278 appetendo
744 4221 808 4278 quae
817 4205 965 4278 Scriptura
975 4222 1018 4261 sa·
1072 4221 1121 4261 cos
1135 4205 1309 4261 extendatur
1323 4208 1419 4259 vestra
1434 4202 1576 4259 charitas.
1594 4226 1608 4254 «ι
1626 4199 1751 4264 lustitia,
1763 4220 1772 4247 r
1784 4193 1868 4252 sabau-

189 4307 241 4348 era
254 4291 348 4360 docet,
371 4295 401 4348 et
414 4292 532 4349 vitando
547 4310 611 4365 quar
637 4293 781 4366 probibet.
799 4295 834 4349 Et
849 4310 907 4350 non
920 4293 1016 4350 solum
1071 4293 1117 4348 dis
1131 4293 1215 4368 legis,
1233 4315 1247 4344 ε
1263 4297 1291 4348 ει
1305 4292 1384 4348 omni
1400 4309 1500 4361 sensu,
1516 4311 1530 4344 a
1548 4291 1579 4346 id
1595 4297 1643 4348 est
1663 4287 1787 4347 doctrina
1799 4281 1868 4338 araa-

189 4380 338 4437 dasmones
347 4380 675 4454 perejuseognitianem
684 4383 897 4455 etadjutorium
911 4398 1015 4454 possu-
1070 4381 1148 4454 getii.

189 4481 258 4524 mus
267 4483 416 4541 superare,
428 4469 479 4526 sed
490 4469 579 4526 etiam
590 4471 763 4527 auctoritate
774 4471 855 4528 illius
865 4472 1015 4529 hereticos
1110 4489 1121 4520 a
1133 4471 1170 4527 Ut
1184 4471 1313 4545 probetis
1329 4470 1454 4543 potiora,
1473 4492 1486 4519 o
1497 4467 1525 4525 id
1542 4474 1589 4526 est
1603 4464 1769 4540 intelligatis
1782 4457 1870 4529 majori
1943 4543 1944 4548 ἵ

188 4555 369 4624 eonviueere,
386 4561 414 4612 et
428 4574 556 4614 errorem
568 4557 685 4615 illorum
701 4559 862 4617 destruere.
1029 4579 1053 4645 D
1069 4560 1105 4616 de
1116 4579 1127 4609 ι
1140 4564 1248 4627 ὓεο,ει
1258 4558 1321 4618 sitis
1333 4558 1449 4626 sinceri,
1463 4557 1517 4614 »id
1529 4563 1574 4614 est
1582 4557 1705 4632 perlecti
1716 4557 1744 4611 in
1755 4550 1804 4608 fide
1813 4548 1835 4602 et
1846 4541 1868 4596 in

223 4668 238 4698 a
255 4643 363 4715 Gratia,
379 4664 393 4697 a
413 4646 441 4701 id
458 4651 503 4702 εει
519 4646 592 4704 fides
606 4649 635 4703 et
656 4647 789 4704 remissio
815 4653 1012 4720 peecatorum,
1069 4649 1149 4705 omni
1166 4649 1301 4705 bonitate.
1319 4646 1447 4704 Sinceris
1466 4647 1590 4703 materia
1605 4650 1652 4704 est
1667 4645 1782 4716 integra,
1797 4629 1870 4692 solida
1943 4633 1944 4656 ι

187 4756 202 4785 a
218 4734 257 4790 sit
279 4733 309 4791 in
336 4732 564 4808 incorruptione,
587 4735 650 4791 »id
678 4739 723 4792 est
746 4735 912 4810 integritate
935 4737 1014 4805 fidei,
1069 4741 1098 4793 et
1112 4738 1207 4803 firma,
1221 4753 1285 4810 quae
1309 4735 1419 4792 nullius
1436 4735 1476 4792 rei
1497 4735 1641 4792 verietate
1668 4719 1870 4790 manutenete

147 4823 1013 4897 ,'acumomnibusqaidiliguntllominumlesumChri·
1069 4826 1155 4882 debet
1169 4831 1197 4882 et
1212 4826 1284 4882 lidos
1309 4841 1374 4882 esse
1398 4807 1492 4882 solida
1506 4847 1520 4875 a
1540 4827 1570 4880 et
1596 4823 1663 4880 sine
1678 4822 1782 4880 eliense
1797 4814 1821 4867 in
1834 4805 1869 4862 die
1943 4823 1944 4832 ¹

189 4929 200 4959 ι
218 4915 307 4967 stum.
327 4935 337 4962 ι
354 4911 406 4968 Vel
422 4911 506 4970 aliter
521 4930 531 4967 .·
546 4913 654 4978 Gratia,
670 4914 698 4968 id
715 4918 760 4969 est
781 4914 863 4980 fides,
880 4913 1013 4972 remissio
1068 4937 1082 4966 «
1095 4914 1267 4982 Christi-id
1278 4919 1323 4971 εει
1335 4914 1398 4970 sine
1409 4912 1607 4971 ollensionein
1619 4903 1870 4969 diemortisvesea.

186 5004 383 5070 peccatorum,
408 5003 543 5069 societas,
566 5005 683 5069 retorna,
700 5003 760 5058 sint
785 5018 851 5058 cum
874 5003 1013 5060 omnibus
1067 5003 1111 5060 vel
1127 5003 1174 5059 die
1186 5002 1302 5076 judieii.
1863 5067 1867 5080 ⁸

186 5087 297 5143 sanetis
312 5088 341 5143 in
357 5088 585 5163 incorruptione,
603 5089 658 5145 hoe
680 5095 725 5146 est
747 5090 776 5145 in
801 5090 1012 5148 resurreetione
1103 5091 1214 5165 Repleti
1234 5091 1329 5148 sraetu
1352 5091 1485 5164 justitie,
1503 5113 1517 5142 e
1534 5091 1562 5148 id
1578 5094 1637 5159 est,
1654 5093 1683 5147 et
1706 5085 1768 5144 sitis
1788 5073 1870 5150 repitu

185 5172 499 5246 generali,ubiomnes
514 5177 1012 5252 accipienteleetiincorruptionem
1067 5181 1204 5238 omnihus
1230 5180 1399 5247 virtutibus,
1425 5179 1461 5236 de
1485 5179 1593 5254 quibus
1622 5179 1695 5235 dicit
1715 5166 1867 5248 spostolus:

184 5265 214 5319 et
234 5260 484 5322 immortalitatem
500 5265 529 5322 in
545 5283 674 5340 corpore,
691 5271 719 5323 ot
733 5268 1013 5324 incommutabilitas·
1067 5293 1080 5320 a
1099 5271 1222 5327 Erucius
1239 5275 1336 5326 eutem
1353 5269 1474 5342 spiritus
1498 5273 1543 5326 est
1565 5267 1721 5343 gaudium,
1737 5277 1789 5338 pax
1811 5249 1868 5330 (Cat.

184 5353 244 5420 tem
272 5349 301 5408 in
329 5351 429 5409 anima
443 5356 466 5426 (l
481 5357 542 5414 cor.
564 5357 621 5425 xvi,
648 5355 793 5428 fulgentes
812 5355 888 5414 siout
913 5357 956 5414 sol
981 5359 1010 5414 in
1064 5363 1103 5428 v).
1121 5382 1135 5408 »
1153 5383 1166 5411 a
1183 5359 1236 5416 Per
1249 5358 1350 5416 Jesum
1366 5357 1516 5415 Christum
1536 5358 1566 5414 in
1591 5355 1718 5431 gloriam
1733 5357 1761 5409 et
1773 5344 1868 5405 laudea

183 5455 274 5514 regne
288 5440 381 5516 petris
396 5441 442 5499 sui
457 5442 562 5509 (llottlr.
583 5445 664 5506 xurl:
691 5461 758 5502 cam
782 5462 840 5519 quo
866 5445 964 5504 felices
979 5447 1009 5503 in
1064 5449 1126 5517 Dei,
1144 5471 1157 5499 r
1175 5440 1204 5504 i'd
1219 5453 1264 5506 est
1276 5453 1309 5505 ut
1322 5446 1502 5523 glorificetur
1525 5447 1601 5506 Deus
1616 5447 1648 5503 in
1674 5441 1768 5510 nohis,
1780 5439 1805 5495 et
1816 5431 1868 5488 lau·

183 5528 291 5602 secula
306 5529 478 5594 seculorum
494 5531 665 5592 manebunt.
1064 5537 1149 5596 detur
1165 5537 1307 5598 Dominus
1322 5537 1418 5608 lesus,
1435 5553 1486 5613 per
1501 5551 1587 5614 quem
1599 5535 1702 5592 omniu
1716 5533 1788 5590 bona
1800 5519 1870 5581 iate·

1062 5643 1141 5690 mus·
