4018 6178
180 331 239 412 ιιι
460 347 666 414 HAYMONIS
687 347 959 414 natanasaar.
983 351 1107 415 anisa.
1130 349 1216 415 OPP.
1240 349 1340 413 PARS
1362 347 1602 414 11.-nottln.
1829 345 1892 412 faa

180 487 213 544 ut
228 483 364 542 ostendat
377 482 488 541 bonum
504 471 574 542 esse
582 484 752 559 coniugium
772 484 902 560 legitime
928 483 1005 543 cale·
1021 489 1046 556 Α
1062 485 1152 552 ditur,
1168 485 1239 560 qaia
1251 484 1300 542 illa
1310 483 1433 542 feliciter
1446 483 1483 542 ad
1499 481 1554 542 bas
1573 483 1693 558 nuptias
1715 481 1890 557 discumbit,

180 575 310 642 braium,
328 573 382 630 ait:
400 597 415 626 ιι
432 575 512 642 Quod
527 575 604 633 Deus
619 576 780 648 conjunxit,
796 575 884 632 bomo
899 592 956 632 non
968 593 1010 632 se·
1063 573 1114 648 qui
1129 574 1191 632 zelo
1205 574 1314 632 amoris
1334 575 1384 631 Dei
1408 577 1515 642 tactus,
1540 574 1576 631 da
1599 576 1713 632 terreno
1737 589 1837 632 amore
1852 575 1890 632 ad

181 669 273 737 paret.
289 663 362 720 Nam
379 663 430 736 qui
451 663 596 722 dimiserit
621 682 752 734 uxorem,
777 670 897 741 excepta
919 682 1009 722 causa
1062 664 1179 721 caeleste
1194 663 1372 721 desiderium
1387 663 1651 738 transmigraverit,
1668 663 1717 736 qui
1732 663 1826 737 possit
1841 665 1890 722 di-

182 741 393 822 fornic'ationis
420 753 583 810 moechatur
612 757 723 824 (rrum.
750 759 819 823 ιιιιι).
837 777 850 806 a
880 755 953 811 Hinc
979 759 1008 811 at
1062 769 1204 810 cerecum
1221 753 1389 812 Psalmista:
1406 777 1421 804 ιι
1438 753 1890 811 chnsdcmustuacoraeditme

181 840 349 915 Apostolus,
365 843 498 918 magistri
515 842 1008 914 sententiamseeutus,ait:«Viri,
1062 845 1138 913 (Paul
1155 843 1261 916 ravin).
1278 865 1292 895 a
1309 843 1425 900 Etcum
1439 842 1591 917 Apostolo:
1607 865 1622 894 ι
1637 842 1695 900 lios
1719 847 1817 900 autem
1843 860 1889 900 rc-

183 930 296 1006 diligite
311 949 415 989 rasores
430 937 550 1002 vestras,
567 933 644 989 sicut
654 933 788 990 Christus
799 932 900 990 dilexit
916 933 1008 990 Eccle-
1061 934 1155 990 velata
1171 933 1243 991 facie
1258 933 1382 1010 gloriam
1397 933 1513 991 Domini
1529 931 1774 1006 contemplantes,
1789 937 1889 990 trans·

184 1020 270 1077 siam.
286 1022 321 1077 Et
336 1021 385 1094 qui
402 1039 520 1078 uxorem
536 1039 620 1078 suam
637 1021 742 1096 diligit,
760 1023 891 1096 seipsum
912 1022 1008 1097 diligit
1062 1023 1225 1080 formamur
1239 1041 1255 1080 a
1271 1023 1403 1081 claritate
1419 1022 1630 1091 iaciaritatem,
1643 1027 1787 1096 tanquam
1802 1037 1820 1079 a
1834 1024 1889 1080 Do·

183 1111 288 1183 (Eqdes.
306 1115 344 1181 v).
358 1133 371 1160 a
382 1111 527 1167 illitorum
538 1111 1008 1184 :aPropterfornicationemunus·
1062 1111 1134 1170 mini
1150 1113 1253 1186 spiritu
1269 1114 1305 1183 (ll
1320 1114 1380 1170 Cor.
1396 1113 1448 1184 a),»
1465 1111 1886 1182 QuodetfaciebatPsalmista‚

183 1199 307 1274 quisque
323 1217 405 1256 suam
423 1217 541 1257 uxorem
558 1200 674 1269 babeat,
692 1206 721 1258 et
739 1217 921 1275 unaqueque
936 1219 1008 1258 uxor
1061 1202 1123 1276 qni.
1139 1217 1206 1259 cum
1222 1201 1332 1260 videret
1346 1201 1470 1276 impium
1486 1202 1734 1275 superexaltatum
1751 1205 1779 1259 et
1791 1201 1885 1260 elava-

183 1306 268 1346 suum
285 1289 380 1346 virum
396 1289 511 1347 habeat.
529 1289 580 1345 Vir
595 1291 677 1346 uxori
692 1291 825 1348 debitum
842 1292 954 1358 nodarat,
967 1290 1006 1348 si·
1062 1295 1125 1348 tum
1137 1291 1213 1348 sicut
1227 1291 1330 1349 cedros
1350 1290 1463 1360 Libani,
1494 1291 1593 1348 omnia
1617 1289 1787 1348 transitoria
1811 1291 1886 1348 nibil

183 1377 290 1434 militer
303 1383 331 1435 et
345 1396 415 1434 uxor
431 1379 500 1436 viro.
517 1379 676 1436 Muliersni
692 1381 822 1452 corporis
832 1384 1005 1453 potestatam
1061 1385 1245 1454 computans,
1263 1381 1443 1439 incalescens
1458 1381 1567 1449 animo,
1585 1379 1693 1444 aiebat:
1709 1401 1723 1430 a
1740 1380 1886 1448 Transivi,

182 1483 238 1524 non
255 1461 351 1534 bob-t,
370 1469 419 1524 sed
436 1471 490 1525 vla
506 1468 647 1526 Similiter
662 1475 690 1525 et
705 1469 803 1526 virsui
818 1470 1006 1543 corporispo-
1060 1474 1089 1526 et
1102 1487 1168 1528 ecce
1182 1488 1239 1527 non
1255 1475 1317 1527 crat
1329 1470 1452 1544 quesivi
1469 1487 1547 1538 eum,
1564 1475 1594 1527 et
1609 1487 1666 1526 non
1681 1473 1726 1526 eat
1750 1470 1887 1528 inventas

180 1559 316 1631 testatem
333 1575 391 1614 non
407 1558 504 1626 habet,
523 1559 573 1615 sod
591 1557 696 1616 mulier
711 1561 736 1633 (1
742 1559 803 1616 Cor.
811 1564 862 1631 ιιι).
879 1583 893 1612 a
904 1561 1007 1618 Etrnr·
1060 1557 1216 1633 locusejus
1232 1562 1316 1629 (l‘sat.
1332 1561 1438 1634 ιιιιιιιι).
1453 1582 1466 1612 a
1483 1561 1518 1617 Et
1533 1561 1606 1617 bene
1616 1560 1664 1617 die
1678 1558 1766 1616 tertia
1780 1563 1889 1633 postca

181 1663 246 1703 sus:
265 1669 277 1696 a
295 1646 1004 1723 Ouimatrimonioconjunctusest,praeipio,noa
1060 1667 1123 1723 qua
1140 1667 1231 1724 supra
1243 1649 1427 1724 Evangelista
1440 1649 1688 1718 commemoravit,
1704 1649 1888 1707 faetafuisse

180 1752 244 1813 ego,
261 1735 312 1793 aed
326 1736 470 1806 Christus,
488 1735 641 1794 mulierem
656 1754 673 1793 a
687 1738 748 1794 viro
764 1756 821 1795 non
841 1739 1006 1796 discederet
1059 1741 1235 1798 referuntur.
1252 1740 1320 1796 Tria
1331 1740 1442 1814 quippe
1457 1744 1528 1796 sant
1539 1741 1681 1812 tempora,
1699 1743 1763 1796 ante
1775 1738 1885 1813 legem,

180 1825 258 1898 qaod
275 1825 298 1882 si
315 1824 492 1894 discesserit,
509 1825 663 1900 innuptam
675 1845 854 1902 permanere,
869 1834 1004 1886 auteur-te
1019 1867 1043 1932 B
1058 1827 1114 1887 sub
1129 1830 1192 1906 lege
1206 1833 1235 1886 et
1250 1829 1305 1887 sub
1319 1830 1422 1904 gratia.
1439 1828 1886 1904 Quiasnimadconjungandam

179 1913 241 1969 viro
258 1912 438 1970 reconciliari
454 1915 556 1988 (rom).
567 1939 581 1967 a
595 1915 1003 1994 «Honorabilessnimnaptiae
1060 1920 1116 1977 sibi
1132 1918 1290 1976 Ecclesiam
1305 1936 1363 1976 non
1378 1923 1447 1975 ante
1461 1919 1565 1994 legam,
1582 1935 1641 1992 pon
1665 1918 1721 1975 sub
1742 1915 1816 1992 lege,
1832 1919 1886 1976 scd

180 2001 232 2076 (ait
246 2001 395 2073 Salomon)
410 2009 439 2060 ct
452 2004 547 2062 cubile
561 2006 784 2065 immaculatum
796 2008 888 2078 (Heba.
903 2011 976 2084 ιιιιι),
989 2033 1003 2060 a
1059 2010 1114 2066 sub
1125 2009 1219 2082 gratia
1233 2009 1310 2065 Deus
1324 2007 1449 2065 visibilis
1464 2008 1610 2082 apparuit,
1630 2012 1707 2066 recte
1731 2007 1778 2065 dia
1800 2007 1887 2066 tertia

182 2091 381 2149 fornicatores
394 2111 521 2168 namque
537 2100 566 2152 et
580 2097 729 2154 adulteros
740 2098 887 2171 judicabit
905 2100 1004 2157 Domi·
1059 2099 1095 2156 ad
1111 2098 1230 2172 nuptias
1243 2096 1358 2156 venisse
1372 2099 1628 2154 commemorator.
1643 2096 1751 2171 Ecqua
1761 2097 1886 2170 conjun-

181 2185 247 2237 n'ns.
263 2180 343 2238 Bona
358 2187 403 2240 est
418 2201 485 2258 crgo
500 2185 605 2259 copula
617 2188 791 2262 coniugalis,
803 2190 1004 2268 meliorcpnti-
1059 2189 1154 2245 ctione
1170 2185 1277 2244 Paulas
1290 2185 1443 2261 apostolus
1457 2185 1511 2243 ait:
1525 2185 1760 2246 «minorarentur
1774 2185 1885 2244 vosDai

180 2269 280 2328 nentia
292 2271 429 2342 vidualis,
442 2274 827 2352 perfectiorvarointegritas
841 2281 1004 2356 virginalis,
1059 2277 1254 2345 emulatione,
1271 2275 1415 2349 despondi
1429 2275 1507 2333 enim
1522 2293 1573 2334 vos
1588 2275 1639 2334 uni
1662 2275 1724 2333 viro
1739 2275 1886 2350 virginem

179 2360 222 2417 Ad
237 2361 488 2434 comprobandum
501 2363 1004 2434 hac,Dominnsdeintemeratovir-
1059 2371 1170 2424 castam
1186 2365 1321 2424 exhibere
1335 2365 1450 2424 Christo
1465 2368 1501 2436 (fl
1520 2365 1583 2424 Cor.
1599 2365 1649 2428 xll-
1672 2387 1686 2415 >a
1702 2364 1757 2422 Hin
1774 2364 1803 2422 in
1819 2365 1886 2422 lau·

180 2449 258 2523 ginis
273 2453 355 2507 utero
371 2451 517 2509 nascitur:
532 2470 599 2511 mox
614 2460 711 2526 natus,
728 2459 764 2515 ab
772 2461 1006 2520 Annaviduabe·
1059 2458 1125 2514 dem
1141 2455 1274 2514 Ecclesia
1287 2455 1395 2512 dicitur
1409 2455 1498 2529 (Cant.
1515 2473 1534 2520 ι,
1552 2455 1597 2528 ιι);
1614 2455 1708 2512 «Ecce
1722 2453 1887 2530 lupulchra

181 2539 342 2596 aedicitur:
357 2541 475 2613 juvenis
490 2543 594 2611 factus,
611 2562 628 2600 a
643 2544 871 2606 celebratoribus
887 2551 1005 2625 nuptia·
1025 2599 1033 2614 ,
1058 2563 1100 2617 ss,
1117 2546 1212 2603 amica
1227 2563 1302 2615 met.
1319 2561 1384 2602 00oe
1397 2549 1431 2604 iu
1447 2543 1584 2618 pulchra;
1594 2543 1670 2602 0ῢῦῙὶ
1678 2544 1719 2600 tui
1735 2541 1887 2602 volumba·

180 2645 247 2685 rum
263 2628 403 2687 invitatus
419 2631 534 2689 venisse
548 2630 665 2708 legitur.
682 2636 747 2694 Hac
767 2639 852 2710 juxta
876 2638 1005 2698 litteram
1060 2653 1168 2692 rum.»
1188 2637 1223 2692 Εἰ
1248 2636 1374 2692 iterum:
1402 2659 1416 2686 v
1433 2633 1619 2692 Pulchriorffl
1643 2637 1713 2691 suni
1737 2633 1814 2691 ⁰0uli
1840 2635 1886 2691 tui

180 2716 349 2776 dictasunt.
367 2719 640 2794 Spiritualitervaro
649 2726 885 2798 coniunctionem
896 2729 1004 2787 Christi
1058 2725 1135 2795 vino,
1152 2730 1180 2782 at
1196 2725 1298 2782 dentes
1312 2723 1355 2781 tui
1370 2723 1445 2782 lacte
1459 2723 1651 2782 candidiores.
1662 2721 1886 2781 »nateannesin

180 2811 208 2864 at
221 2808 367 2878 Ecclesia,
383 2810 412 2866 in
429 2811 588 2885 scripturis
602 2815 698 2871 vocari
715 2817 833 2892 nuptias
848 2819 1006 2878 usitatissi-
1058 2813 1246 2888 Apocalypsi:
1264 2837 1278 2866 a
1295 2813 1361 2871 Vidi
1385 2817 1517 2872 sanctam
1542 2811 1687 2871 civilatem
1707 2811 1885 2882 «istiusdem,

180 2913 261 2954 mum
278 2901 332 2966 est,
349 2898 426 2956 siout
440 2899 512 2957 illud
530 2901 558 2958 in
575 2903 745 2978 Evangelio:
762 2929 776 2958 ι
788 2906 889 2966 Simile
904 2915 949 2966 est
964 2928 1005 2967 re·
1058 2903 1283 2962 descendentem
1297 2905 1332 2960 de
1348 2902 1429 2972 coelo,
1446 2907 1588 2976 tauquam
1603 2907 1887 2977 sponsamornatam

180 3003 272 3062 gnum
288 2987 427 3045 emiorum
441 2988 553 3047 bomini
570 2993 641 3067 regi,
658 2995 707 3067 qni
724 2995 791 3052 feeit
807 2999 925 3072 nuptias
947 3000 1004 3057 filio
1058 2995 1119 3051 viro
1135 3010 1188 3051 suo
1204 2993 1294 3068 (Aper.
1310 2994 1379 3067 xxi).
1398 3015 1412 3043 a
1425 2991 1475 3050 Vel
1492 2997 1578 3062 certe,
1596 2991 1666 3066 quia
1682 3007 1767 3050 nemo
1789 2991 1819 3048 in
1837 2993 1885 3050 bis

154 3079 160 3090 ¹
179 3092 233 3133 suo
250 3075 351 3151 (amat.
368 3079 449 3152 ιιιιιι).
467 3101 481 3130 a
498 3080 533 3137 Et
546 3080 666 3140 iterum:
683 3107 697 3134 ι
715 3085 788 3143 Cum
804 3093 924 3147 vocatus
942 3089 1004 3148 lua.
1059 3083 1171 3158 nuptiis
1182 3083 1322 3140 interesse
1337 3087 1442 3157 potest,
1460 3083 1516 3141 nisi
1533 3082 1581 3156 qui
1600 3081 1780 3139 individuam
1797 3083 1885 3140 trini·

180 3165 220 3224 ris
236 3166 272 3222 ad
288 3167 416 3240 nuptias,
433 3186 490 3226 non
507 3169 675 3230 discumbas
690 3174 720 3230 in
736 3176 830 3248 primo
844 3177 908 3236 1000
928 3182 1002 3248 (aaa,
1059 3177 1149 3230 tatem
1165 3172 1279 3230 Domini
1295 3172 1382 3229 fuerit
1395 3173 1558 3239 confessus,
1573 3175 1651 3228 recte
1661 3172 1750 3228 etiam
1761 3171 1808 3229 die
1822 3177 1885 3230 ter-

179 3257 262 3327 xxrv).
282 3279 295 3306 a
311 3256 342 3313 ln
358 3259 471 3331 nuptiis
485 3259 563 3316 enim
580 3261 638 3318 duc
649 3264 818 3337 junguntur
833 3285 960 3340 sponsos
975 3241 1041 3327 etC
1060 3264 1101 3319 tia
1115 3263 1151 3318 ad
1167 3263 1286 3336 nuptias
1300 3259 1415 3320 venisse
1426 3266 1571 3318 narratur.
1588 3261 1654 3319 Siva
1668 3259 1764 3331 aliter,
1780 3261 1885 3321 adhoc

181 3360 299 3418 ⁸90¹&-
325 3347 498 3420 Eissponssus
522 3349 642 3421 quidem
662 3357 708 3407 est
728 3351 871 3423 Christus,
897 3357 1004 3431 dequo
1058 3351 1106 3408 die
1121 3350 1206 3408 tertia
1220 3353 1257 3408 ad
1282 3351 1399 3426 nuptias
1421 3351 1520 3408 venire
1541 3351 1643 3421 voluit,
1669 3355 1701 3407 ut
1716 3353 1886 3410 ostenderet

181 3448 233 3504 per
247 3432 432 3491 psalmistam
445 3435 566 3494 dicitur:
576 3439 751 3512 «Tanquam
763 3460 890 3516 sponsus
905 3463 1005 3520 prooe-
1059 3441 1129 3515 quia
1144 3440 1311 3515 quicunque
1334 3441 1363 3497 in
1378 3439 1507 3498 Ecclesia
1535 3457 1587 3514 per
1602 3439 1689 3498 fidem
1711 3441 1885 3513 difflumbsts

182 3519 255 3576 dens
271 3521 307 3577 da
334 3521 464 3579 thalamo
492 3541 545 3581 suo
575 3527 659 3598 (Psol.
676 3531 767 3602 ιινιιι),
787 3555 800 3582 a
817 3533 850 3588 Et
877 3535 1005 3595 Joannes
1060 3531 1243 3598 memoriam,
1258 3530 1438 3588 voluntatem
1453 3535 1482 3588 et
1496 3528 1678 3588 intellectum
1698 3531 1887 3588 observares

183 3607 374 3682 avangelista:
405 3634 418 3662 ι
435 3611 488 3680 Qui
517 3613 606 3672 babet
637 3631 776 3690 sponsam
805 3638 932 3695 sponsus
962 3630 1007 3683 est
1060 3617 1479 3678 malisdebetetcaeraerein
1496 3617 1595 3674 bonis:
1611 3616 1655 3673 vel
1671 3615 1886 3692 quiatrasvir-

183 3697 271 3770 (loon.
290 3701 342 3769 ιιι).
361 3722 375 3750 »
391 3701 504 3776 Sponsa
517 3719 584 3761 vcro
600 3707 664 3778 ejus
680 3713 781 3766 saneta
799 3715 844 3768 est
867 3712 1004 3782 Ecclesia,
1058 3713 1137 3768 tates
1152 3708 1338 3784 principales,
1356 3708 1467 3765 scilicet
1481 3723 1575 3781 spem,
1594 3705 1683 3763 fidem
1710 3709 1739 3762 at
1753 3705 1887 3767 charita-

183 3785 641 3862 01ΙὶΡθΡΡΓθΡιιιιιιιιιιιιίοἰιιιιει
658 3795 881 3871 Desponsabato
896 3802 1006 3862 mibiin
1060 3804 1119 3858 tem
1136 3799 1165 3856 in
1181 3815 1234 3855 suo
1260 3815 1347 3872 opere
1368 3796 1516 3854 custodire
1541 3797 1637 3866 debet,
1662 3795 1698 3853 dc
1720 3795 1831 3870 quibus
1847 3795 1890 3852 ait

179 3876 296 3949 justitia
309 3881 339 3934 et
353 3879 508 3938 sanctitate
522 3882 652 3942 veritatis
668 3886 739 3956 (Oce.
755 3893 798 3959 ιι).
815 3913 829 3942 a
846 3891 880 3947 Et
895 3893 1006 3950 inGan-
1060 3889 1231 3963 Apostolus:
1249 3912 1263 3939 ι
1279 3889 1395 3945 Maneat
1410 3887 1440 3944 in
1455 3887 1538 3944 vobis
1554 3886 1636 3957 fides,
1649 3901 1726 3956 spes,
1744 3885 1888 3954 charitas,

182 3964 240 4022 tica
255 3966 450 4026 canticorum:
468 3993 482 4020 ι
499 3971 582 4042 Veni,
600 3990 708 4046 sponsa
728 3993 802 4044 mea,
822 3979 914 4039 alceta
942 3999 1007 4040 maa
1060 3981 1117 4036 tria
1130 3979 1202 4047 baec,
1220 3979 1314 4051 major
1328 3980 1426 4033 autem
1442 3975 1489 4032 bis
1503 3979 1548 4033 est
1563 3974 1692 4033 ebaritas
1708 3977 1795 4046 (flora
1818 3991 1888 4044 xnr;

183 4054 273 4123 (Cant.
291 4059 331 4123 a).
348 4077 362 4108 a
379 4057 639 4134 Thalamusbans
650 4065 761 4137 sponsi,
774 4070 875 4126 uterus
888 4069 1008 4130 interne·
1061 4069 1148 4129 lGar.
1163 4066 1235 4141 χιιι).
1254 4089 1268 4117 a
1282 4063 1438 4123 Τθιιιιιιὶιιι
1453 4069 1551 4122 tutem
1577 4078 1720 4124 numerus
1740 4064 1889 4139 perfefius

183 4147 264 4202 ratus
280 4145 429 4220 genitricis
444 4148 509 4206 fuit.
526 4153 565 4207 lte
580 4167 638 4224 quo
653 4155 701 4223 (ut
716 4155 853 4231 diximus)
865 4163 1006 4234 tanquam
1060 4163 1116 4226 est,
1131 4161 1248 4232 propter
1262 4155 1349 4212 iidem
1367 4158 1473 4211 saneta
1489 4153 1651 4211 Trinitatis.
1664 4153 1729 4214 Sive
1740 4153 1889 4215 ternarius

183 4250 311 4309 sponsus
326 4235 361 4293 dc
376 4237 507 4296 thalamo
522 4257 576 4297 suo
592 4241 895 4318 Christusprocessit,
920 4249 1007 4310 Venit
1061 4263 1202 4306 numerus
1216 4245 1362 4320 perfectus
1378 4241 1748 4318 estquiatsgimusqaoa,
1763 4242 1888 4300 Domino

183 4341 252 4399 ergo
267 4327 303 4382 ad
319 4327 438 4400 nuptias
453 4331 569 4385 terreno
590 4347 670 4388 more
690 4333 860 4406 celebratas,
885 4339 955 4411 quia
970 4341 1005 4396 ad
1060 4337 1175 4395 dicente
1191 4335 1227 4392 ad
1243 4335 1349 4392 Jonam
1364 4332 1552 4406 prophetam:
1569 4356 1582 4382 ι
1593 4331 1890 4396 VadeinNinivaaai·

183 4417 419 4490 conjungendam
434 4416 490 4475 sibi
507 4417 677 4490 Ecclesiam,
690 4422 860 4482 homointcr
872 4427 1007 4485 homines
1060 4427 1178 4483 vitatam
1196 4439 1344 4496 magnam,
1361 4426 1390 4479 et
1405 4422 1484 4479 dicas
1499 4420 1891 4498 populabuiczrldbucqua·

183 4503 329 4574 apparuit.
346 4503 617 4580 Locusauptiarum
634 4511 763 4583 primum
778 4513 808 4569 in
824 4513 926 4572 Jadaea
941 4517 1005 4586 luit,
1061 4513 1197 4588 draginta
1211 4512 1283 4583 dies,
1299 4515 1328 4568 el
1339 4511 1441 4568 Ninive
1456 4511 1641 4568 subverletur
1655 4514 1729 4581 (loth
1745 4507 1891 4581 ¹¹¹)‚1’illo

183 4588 233 4644 abi
249 4591 404 4660 Dominus,
420 4598 508 4652 natus
522 4613 579 4653 non
595 4599 690 4655 solam
714 4601 824 4674 docuit,
847 4605 897 4662 sed
920 4606 1009 4662 etiarn
1025 4613 1048 4677 Ι)
1063 4602 1247 4679 praedicante,
1265 4600 1365 4658 statim
1381 4617 1430 4658 rex
1456 4601 1491 4657 de
1508 4599 1580 4658 solio
1605 4617 1658 4657 suo
1682 4598 1845 4672 deseendit,
1863 4603 1894 4656 et

182 4677 306 4735 virtutes
321 4677 398 4750 fecit,
416 4686 444 4738 et
458 4683 494 4741 de
509 4702 568 4759 qua
584 4687 707 4761 apostoli
731 4689 814 4746 electi
834 4698 913 4750 sunt.
930 4693 1007 4752 Calc·
1064 4692 1200 4768 pracepit
1214 4690 1545 4763 triduanumjejuniam
1571 4689 1663 4746 facere
1682 4686 1800 4764 populo.
1827 4683 1893 4754 Quo

184 4765 315 4826 bratores
323 4773 422 4828 autom
433 4775 603 4846 nuptiarum
611 4777 870 4851 primumapostoli
878 4782 1006 4853 fuerunt,
1061 4783 1148 4850 facto,
1164 4779 1289 4840 cessavit
1304 4777 1457 4854 populosa
1468 4777 1598 4852 nequitia
1609 4795 1673 4847 aua,
1687 4781 1717 4834 st
1731 4789 1894 4840 conversus

184 4854 344 4928 dequibus
364 4860 505 4926 Dominus
526 4863 612 4922 aitin
637 4862 807 4940 Evangelio:
825 4891 839 4918 ι
856 4869 918 4926 Non
940 4888 1007 4945 pos·
1061 4872 1158 4930 estad
1189 4869 1357 4936 Dominum,
1381 4867 1411 4926 et
1429 4867 1577 4925 exaudivit
1601 4879 1668 4924 eum
1692 4863 1846 4935 Dominus,
1864 4869 1895 4922 et

185 4948 253 4998 sunt
267 4944 318 5000 filii
336 4949 435 5018 sponsi
448 4947 557 5024 lugere,
574 4953 704 5026 quandin
720 4971 787 5011 curn
799 4955 910 5014 illiceat
919 4976 1006 5032 spon·
1062 4959 1218 5019 cessavita
1234 4958 1328 5034 plaga.
1347 4981 1361 5008 ι
1378 4957 1414 5014 Et
1428 4961 1492 5015 erat
1507 4961 1600 5014 mater
1613 4956 1683 5013 lesa
1698 4953 1751 5011 ibi.
1769 4977 1783 5004 a
1797 4951 1894 5010 Matar

185 5047 247 5087 sus.
263 5030 365 5090 Vcniet
379 5039 496 5110 tempus
512 5042 630 5112 quando
646 5044 795 5100 auferetur
807 5046 844 5101 ab
855 5046 897 5104 eis
919 5064 1008 5121 spon·
1061 5051 1131 5108 Jcsu
1147 5047 1341 5124 spiritualiter
1355 5047 1540 5122 synagogam
1556 5043 1715 5120 significat,
1737 5057 1803 5117 quas
1818 5043 1893 5099 dum

65 5201 70 5210 ,
184 5135 246 5189 sus,
262 5123 291 5177 et
306 5123 377 5178 tuac
387 5123 566 5196 jejunabunt
588 5131 692 5199 (dotti.
707 5135 757 5202 ιιι).
775 5155 790 5184 a
806 5133 862 5191 Sed
887 5135 957 5210 quia
972 5139 1007 5195 ad
1063 5155 1114 5214 per
1128 5138 1245 5198 oracula
1258 5136 1465 5212 prophetarum
1473 5133 1721 5192 Dauminmundo
1732 5135 1893 5190 venturum

184 5207 237 5265 has
254 5210 421 5284 spirituales
438 5215 555 5287 nuptias
582 5220 680 5277 venire
704 5237 790 5279 nemo
815 5229 920 5297 potest,
950 5227 1007 5285 nisi
1062 5229 1239 5303 predicavit,
1256 5227 1340 5300 quasi
1356 5225 1392 5282 de
1406 5225 1534 5299 quodam
1549 5221 1697 5300 spirituali
1713 5225 1796 5282 utero
1815 5219 1893 5296 legis

184 5297 267 5370 prius
282 5299 342 5356 zelo
359 5301 408 5358 Dei
423 5305 519 5359 tactus
534 5305 711 5381 malaopera
725 5329 872 5386 respuere,
888 5319 917 5373 et
931 5315 1008 5374 bona
1062 5317 1147 5376 nobis
1163 5317 1213 5375 liei
1229 5315 1334 5373 Filium
1350 5316 1461 5390 genuit.

183 5385 318 5445 didicerit
331 5407 440 5460 amara,
456 5395 533 5449 recte
544 5393 663 5454 in'Cana
673 5397 807 5472 Galilaea,
824 5403 906 5462 taeta
919 5405 1008 5464 fuisse
1098 5431 1112 5458 ι
1128 5407 1255 5465 Vocatus
1270 5408 1315 5461 est
1329 5408 1428 5462 autem
1451 5404 1538 5464 Jesus
1565 5409 1595 5460 et
1608 5401 1746 5480 discipuli
1768 5401 1833 5475 rias
1854 5401 1892 5460 ad

183 5477 358 5534 ”semim
375 5479 453 5538 (3⁸¹¹st
468 5481 575 5556 quippe
590 5483 850 5562 amalasuentae,
866 5496 940 5552 aetra
964 5495 1007 5552 in·
1063 5521 1077 5548 ι
1096 5495 1223 5568 nuptias.
1241 5491 1369 5550 »Omnia
1383 5511 1451 5568 ergo
1467 5510 1531 5568 quas
1547 5493 1577 5550 in
1594 5493 1668 5550 serie
1683 5492 1774 5564 bajus
1789 5489 1892 5548 lectio·

183 5569 370 5640 terpretatur.
387 5569 505 5628 Galilaea
520 5589 647 5647 namque
662 5577 880 5654 transmigratio
891 5583 966 5642 facta
977 5585 1006 5642 in
1063 5585 1109 5642 nis
1121 5585 1296 5654 referuntur,
1312 5583 1354 5641 sio
1364 5585 1450 5658 juxta
1464 5582 1591 5642 litteram
1615 5579 1787 5656 accipienda
1809 5583 1891 5652 sunt,

185 5661 285 5720 nostra
300 5655 400 5732 lingna
414 5661 531 5721 dicitnr.
543 5663 584 5721 Ex
599 5679 658 5737 qua
667 5663 904 5740 interpretatione
914 5679 1010 5732 osten-
1064 5677 1207 5732 attamen
1224 5687 1277 5750 per
1290 5673 1533 5749 significationem
1547 5669 1657 5746 aliquid
1672 5669 1757 5730 nobis
1768 5669 1892 5727 damon-
