3872 6168
193 315 207 334 ..
222 339 281 405 875
503 332 707 395 natatoriis
724 332 1002 432 xltatuttttsvav.
1026 329 1149 392 estse:
1173 329 1258 390 CPP.
1281 332 1382 390 Paris
1404 331 1491 391 ll.-
1509 331 1636 394 HOMlb.
1830 341 1875 400 dli

222 467 428 545 gnidoabatur,
445 465 522 539 quod
538 467 657 538 peccata
671 467 771 521 nostra
785 479 849 536 que
865 479 917 536 per
929 461 1047 535 spineas
1061 461 1088 530 Α
1103 460 1158 520 hoc
1173 467 1227 530 est,
1245 461 1370 519 calvaria
1385 462 1489 536 ipsius,
1506 464 1603 522 eodem
1623 463 1680 522 loco
1702 464 1736 522 sit
1749 469 1874 530 tumulata.

222 558 437 631 intelliguntur,
453 555 517 630 ipse
531 558 608 610 esset
623 553 774 610 ablaturus
789 569 808 608 a
821 551 924 608 nobis:
941 554 969 608 et
985 569 1047 608 ma·
1102 553 1183 620 Quod
1200 551 1351 625 perspicue
1368 551 1475 610 salsum
1491 556 1543 620 est,
1561 553 1628 625 quia
1640 552 1767 625 videlicet,
1778 557 1840 614 sicut
1851 561 1876 616 li-

222 633 362 706 ladictum
378 646 456 718 quod
471 644 566 717 primo
588 643 700 700 bomini
724 641 836 700 dietum
852 645 914 697 cst:
930 663 943 690 a
959 641 1048 698 'lerra
1102 643 1154 697 ber
1168 642 1237 698 lesu
1254 643 1330 698 Nave
1347 643 1595 714 relert,nonjuxta
1608 641 1809 712 Jerusalem,sed
1820 647 1878 705 iuter

220 739 272 792 tua
288 734 388 814 spinas
403 737 432 790 et
446 732 570 789 tribulos
586 731 762 806 germinabit
776 730 828 786 tibi
843 730 1048 803 (Gen.iri),aper
1102 732 1218 788 Hebron
1235 737 1263 787 ct
1278 731 1465 788 Cariatbarbc
1488 731 1645 788 tumulatus
1660 735 1710 789 cst.
1722 731 1810 790 Verior
1826 754 1877 810 ergo

220 840 306 882 suam
323 824 490 898 passionem
507 821 641 878 solveret.
657 821 740 887 Quod
760 823 859 876 autem
872 819 1047 876 arundinem
1103 837 1208 876 sensus
1223 823 1276 887 est,
1290 821 1366 893 quod
1383 820 1536 878 calvariam
1551 819 1879 881 dicimuslocumillumex

219 913 250 982 in
265 915 367 970 dextra
381 929 471 969 manu
488 911 608 976 serebat,
624 909 798 982 designabat
813 926 844 964 se
860 908 1047 981 sacrilegium
1103 909 1315 968 consuetudine
1331 909 1471 982 antiqua:
1488 909 1629 982 siquidem
1645 913 1720 966 extra
1733 927 1819 970 omnes
1830 913 1880 968 aivi-

219 1004 387 1061 Judaeorum
403 1001 539 1058 scribere.
557 1001 622 1056 Sive
636 999 724 1056 etiam
739 998 794 1054 hoc
816 997 1047 1072 significabatur,
1102 1002 1177 1056 tates
1187 999 1269 1056 locus
1283 1001 1450 1072 deputatur,
1466 999 1515 1054 ubi
1531 1015 1642 1056 reorum
1656 999 1744 1071 capita
1758 1001 1879 1058 detrunca-

222 1093 300 1171 quod
316 1091 345 1148 in
360 1108 415 1148 sua
429 1088 565 1164 passione
576 1088 712 1146 vaticinia
724 1087 933 1160 prophetarum
948 1085 1049 1160 impla·
1103 1091 1219 1146 bantur.
1238 1089 1269 1144 ln
1284 1089 1409 1146 calvaria
1424 1088 1542 1162 ergoibi
1554 1089 1751 1145 truncabantur
1763 1090 1880 1162 capitam·

222 1182 339 1238 bantur.
355 1178 490 1238 Solemus
504 1179 583 1234 enim
598 1177 710 1234 calamo
721 1176 894 1250 plerumque
909 1176 1047 1232 scribere.
1104 1194 1180 1248 rum,
1197 1182 1225 1235 et
1239 1183 1315 1236 recte
1330 1179 1408 1234 idem
1422 1177 1505 1236 locus
1519 1177 1646 1234 calvarie
1658 1179 1880 1250 nuncupabatur,id

222 1271 257 1327 st
272 1269 301 1326 in
319 1268 430 1326 calamo
445 1271 587 1324 venenata
600 1266 741 1324 animalia
754 1265 869 1323 occidit.
1103 1273 1148 1324 ost
1164 1285 1181 1324 a
1196 1267 1341 1340 capitibus
1357 1267 1611 1324 damnatorumllt
1621 1265 1881 1326 merito'ibibominas

258 1381 276 1414 a
291 1359 359 1427 Ave,
378 1375 427 1415 rex
438 1357 618 1424 Judaeorum,
636 1379 650 1406 »
671 1355 756 1430 quasi
780 1355 920 1421 dicerent,
945 1353 996 1427 qui
1022 1357 1049 1410 ta
1104 1357 1260 1414 crucifixus
1274 1360 1329 1426 est,
1346 1358 1379 1412 ut
1393 1355 1433 1412 ibi
1441 1353 1524 1430 prius
1536 1354 1716 1428 erigebantur
1729 1370 1778 1411 are
1793 1357 1883 1412 damna·

224 1447 323 1505 dixisti
338 1464 435 1522 regem
452 1463 517 1504 esse
531 1445 710 1501 Judaorum.
1104 1451 1211 1513 torum,
1228 1446 1267 1501 ibi
1291 1445 1473 1519 erigerentur
1495 1443 1601 1502 vexilla
1623 1443 1757 1517 martyrii.
1777 1445 1826 1512 lel,
1846 1446 1882 1501 ubi

260 1561 274 1588 «
290 1539 325 1594 nt
340 1539 514 1612 exspuentes
529 1535 558 1590 in
575 1549 653 1602 eum,
670 1537 844 1606 acceperunt
862 1532 1047 1602 arundiuem,
1104 1535 1263 1594 abundavit
1277 1534 1428 1606 delictum,
1440 1533 1686 1607 superabundavit
1699 1534 1883 1607 gratidlmal.

225 1651 240 1681 a
255 1631 284 1684 et
297 1624 501 1700 percutiebant
516 1628 605 1698 caput
618 1623 811 1697 eJus.«Semel
822 1622 876 1680 hoc
888 1623 1050 1680 factumest
1141 1649 1155 1676 ι(
1171 1626 1205 1682 llt
1221 1623 1396 1682 dederuntei
1405 1622 1504 1680 bibere
1514 1623 1615 1680 vinum
1626 1639 1690 1678 cum
1700 1621 1883 1680 lellemistum.»

223 1717 348 1775 Domino
364 1713 563 1787 corporaliter,
581 1711 842 1786 quotidiebreretioi
857 1711 913 1769 hoc
928 1711 1048 1781 iaciunt,
1104 1715 1259 1788 lrnpletum
1275 1717 1319 1770 est
1333 1713 1381 1770 hie
1396 1713 1473 1786 qaod
1488 1729 1541 1786 per
1556 1712 1725 1788 Prophetam
1738 1711 1885 1768 dieitur:th

223 1806 274 1882 qui
290 1801 462 1878 spiritaliter
471 1806 560 1876 caput
568 1803 633 1875 ejus
647 1799 892 1876 percutiunt,atin
901 1801 1004 1857 taciem
1014 1801 1048 1857 il·
1104 1805 1248 1860 dedorunt
1262 1802 1292 1858 in
1304 1819 1402 1860 escam
1418 1819 1514 1858 meam
1531 1802 1615 1872 lel,at
1629 1801 1659 1857 in
1669 1801 1715 1858 siti
1729 1819 1787 1858 mea
1798 1805 1885 1874 potave-

223 1896 281 1954 lius
296 1897 418 1968 spuunt.
437 1892 560 1966 «Caput
574 1890 652 1948 euim
666 1889 775 1947 Christi
791 1897 867 1948 Deus
883 1894 937 1959 est,
955 1894 1051 1946 »teste
1105 1897 1175 1950 runt
1189 1907 1234 1948 me
1250 1897 1329 1950 aceto
1344 1893 1433 1964 (Paul.
1459 1891 1567 1965 vattr),
1584 1913 1598 1944 a
1621 1891 1699 1959 Quod
1720 1895 1802 1959 ccccv,
1814 1891 1856 1946 hcc
1867 1891 1885 1945 ci

224 1985 312 2050 Paulo
327 1983 496 2059 apostolati
510 1985 574 2040 Cor.
589 1981 640 2056 xi).
654 1984 752 2054 Caput
771 1997 839 2054 ergo
863 1980 971 2038 Christi
986 1997 1050 2052 per·
1105 1983 1257 2040 dederunt.
1274 1980 1333 2054 Ipsi
1348 1980 1425 2038 enim
1440 1984 1524 2038 erant
1545 1985 1671 2048 acetum,
1686 1981 1886 2053 degeneranteaa

224 2069 1049 2147 outitquisquisinilloDivinitatemilliusabnegatfuisse,
1103 2071 1171 2128 vino
1186 2070 1419 2144 patriarcharum
1434 2075 1462 2127 et
1477 2071 1886 2144 prophetarum,etnoquaquan

221 2165 302 2222 sicut
315 2161 412 2230 Arius,
430 2161 480 2235 qui
497 2160 568 2216 dicit
583 2160 690 2218 Filium
717 2159 862 2216 minorem
876 2176 940 2216 esse
955 2160 1049 2216 Patre.
1104 2162 1184 2220 aliud
1194 2162 1220 2218 ei
1232 2164 1365 2234 poteraut
1379 2161 1449 2217 dare
1464 2177 1555 2234 quam
1573 2161 1649 2234 quod
1670 2163 1757 2217 erant.
1770 2158 1838 2222 Quod
1850 2174 1887 2212 aa·

224 2253 254 2312 in
270 2252 373 2311 luciam
389 2252 478 2325 spuit,
491 2249 628 2324 quisquis
638 2252 811 2323 presentem
823 2247 907 2304 illum
923 2249 1050 2305 incarne
1103 2256 1164 2310 torn
1180 2250 1302 2308 dieitur:
1320 2273 1334 2302 «
1352 2251 1466 2306 Etcum
1482 2255 1644 2322 gustasset,
1659 2248 1748 2306 uoluit
1760 2247 1887 2304 biberem

224 2343 388 2400 venientem
404 2340 598 2414 denegaverit,
615 2337 692 2396 sicut
711 2337 898 2406 Manichacus,
915 2337 965 2410 qui
981 2337 1052 2393 dicit
1105 2359 1163 2397 non
1179 2340 1308 2414 aceepit:
1325 2339 1426 2396 vinum
1443 2340 1569 2396 fellitum
1593 2340 1709 2412 quidam
1722 2337 1839 2411 gustavit,
1852 2335 1886 2390 sed

223 2451 323 2492 veram
338 2432 368 2488 in
384 2431 498 2488 Christo
513 2447 571 2485 non
583 2429 674 2486 luisse
690 2445 818 2484 carnem.
1105 2449 1162 2487 non
1178 2429 1262 2497 bibit,
1274 2435 1373 2503 aperte
1381 2430 1540 2504 designans
1552 2431 1629 2502 quod
1642 2428 1795 2502 passionem
1805 2429 1829 2482 et
1836 2441 1889 2480 mor-

262 2545 276 2575 «
291 2525 326 2580 llt
341 2524 497 2597 postquam
511 2517 859 2586 illuseruntoi,cxuerunt
873 2515 958 2572 illum
971 2515 1050 2572 obla·
1104 2524 1164 2578 tem
1178 2522 1214 2576 ad
1236 2524 1353 2593 tempus
1377 2519 1517 2593 suscepit,
1533 2519 1586 2576 sed
1606 2519 1635 2575 in
1662 2522 1791 2575 eternum
1814 2513 1888 2570 eaden

227 2635 241 2665 a
258 2613 353 2688 myde,
370 2615 399 2668 et
413 2609 573 2666 induerunt
587 2624 655 2665 eum
670 2605 852 2664 vestimentis
863 2604 1052 2675 suis,»Quan·
1105 2613 1198 2666 morte
1214 2607 1306 2666 teneri
1321 2609 1425 2666 noluit.

225 2702 276 2760 diu
290 2700 432 2758 Dominus
447 2699 613 2756 illusionem
629 2715 734 2770 passus
750 2700 804 2764 est,
819 2701 848 2753 et
861 2699 948 2768 sputa
962 2695 1051 2752 susti·
1140 2723 1155 2750 «
1171 2700 1330 2772 Postquam
1346 2703 1444 2755 autem
1455 2696 1664 2755 crucifixerunt
1678 2711 1751 2764 aum,
1763 2693 1890 2750 diviserant

225 2791 300 2862 nuit,
317 2796 346 2848 et
368 2805 506 2848 coronam
532 2788 665 2862 spineam
690 2788 719 2842 iu
744 2786 838 2859 capite
862 2785 975 2853 habuit,
992 2801 1050 2842 non
1105 2813 1118 2840 a
1134 2789 1308 2845 vestimenta
1322 2790 1396 2860 ejus,
1410 2791 1518 2845 sortem
1542 2788 1702 2844 mittentes.
1719 2809 1732 2836 »
1745 2784 1890 2840 Vestimenta

226 2881 344 2956 propria
359 2879 533 2938 vestimenta
546 2876 651 2934 babuit
665 2875 778 2944 induta,
795 2874 846 2931 sed
862 2873 967 2930 aliena.
984 2874 1050 2930 Mox
1104 2878 1223 2952 quidem
1240 2877 1354 2934 Domini
1364 2877 1635 2951 diviserunt,super
1646 2876 1769 2933 tunicam
1783 2886 1889 2942 veroque

226 2975 325 3030 autam
341 2971 374 3043 ut
387 2968 460 3026 bora
473 2963 669 3041 despectionis
687 2963 816 3033 transiit,
832 2962 949 3038 propria
962 2961 1050 3018 vesti·
1103 2966 1289 3026 inconsutilis
1303 2969 1375 3035 erat,
1388 2971 1415 3022 et
1429 2965 1518 3022 dividi
1530 2983 1589 3024 non
1602 2967 1818 3040 poterat,sortem
1827 2960 1890 3015 miso-

227 3061 327 3116 menta
343 3055 511 3132 resumpsit.
522 3054 680 3128 Quiaquod
695 3070 800 3128 passus
811 3055 897 3120 astet
912 3053 990 3125 quod
1003 3052 1050 3108 lla·
1104 3061 1182 3112 runt.
1198 3055 1379 3112 Vestimenta
1389 3054 1498 3111 etenim
1512 3055 1631 3111 Domini
1647 3053 1803 3128 significant
1811 3049 1891 3106 eleetos

224 3147 350 3223 galletus
365 3150 419 3214 est,
435 3163 494 3204 non
515 3145 570 3201 luit
594 3142 744 3217 proprium
770 3140 933 3199 trininitatis
958 3139 1048 3196 illius.
1105 3145 1194 3202 illius.
1209 3145 1426 3218 Quadripertita
1436 3145 1515 3201 enim
1527 3145 1621 3201 vestis
1632 3143 1710 3200 illius
1719 3137 1893 3198 llcelesiaada·

224 3237 305 3304 Quod
321 3239 420 3296 autem
436 3235 482 3292 die
498 3233 584 3290 tertia
607 3230 776 3298 resurrexit,
790 3230 874 3303 quasi
899 3229 1049 3302 proprium
1065 3216 1087 3284 C
1106 3236 1203 3309 signat
1218 3251 1269 3306 per
1284 3233 1531 3306 quadripartitum
1547 3234 1651 3292 orbem
1671 3231 1794 3288 divisam.
1809 3226 1893 3284 Tunica

224 3328 431 3386 vestimentum
447 3321 618 3395 resumpsit,
643 3336 694 3392 per
713 3320 790 3391 <l⁰⁰d
818 3317 1050 3390 Sitisslflssssbsslssb
1106 3329 1203 3382 autem
1219 3323 1298 3380 illius
1323 3322 1509 3379 inconsutilis
1533 3323 1663 3396 desuper
1686 3325 1766 3388 texta,
1782 3317 1893 3374 unitatem

225 3415 304 3488 quod
320 3415 422 3470 boram
438 3415 563 3468 mortem
578 3413 641 3466 erat
655 3411 838 3480 gustaturus
849 3409 878 3462 et
893 3405 998 3460 iterum
1014 3406 1049 3462 ad
1105 3413 1199 3486 ipsius
1213 3411 1347 3469 Ecclesia
1359 3411 1581 3484 designat,quia
1596 3409 1691 3468 omnis
1702 3411 1790 3467 unitas
1800 3402 1893 3478 regniin

226 3507 342 3576 tempus
353 3497 614 3572 paraetapassione
628 3497 663 3552 de
676 3493 809 3568 sepulcro
821 3497 1048 3551 resurrecturus.
1105 3519 1223 3575 corpore
1240 3505 1346 3558 sanctae
1363 3500 1497 3558 llcclesiae
1513 3501 1659 3558 consistit.
1676 3503 1741 3568 oue
1762 3497 1893 3554 unitasnon

225 3589 350 3663 lmpleta
364 3590 409 3646 ost
424 3587 453 3642 iu
469 3603 501 3642 oo
517 3583 668 3658 prophetia
691 3600 755 3656 qum
777 3582 866 3638 dicit:
885 3605 899 3633 a
917 3583 1051 3640 olfaciat
1104 3591 1234 3649 humano
1251 3589 1383 3658 arbitrio,
1395 3591 1447 3646 sed
1462 3589 1560 3646 divina
1574 3589 1787 3663 dispensatione
1801 3583 1892 3656 regitur,

224 3695 300 3752 ⁰1³⁰ss
316 3674 601 3745 suumisslifflwffiflfll
615 3673 765 3746 ⁰P¹¹⁸0j¹¹⁵
777 3675 821 3728 3¹¹2
834 3676 1050 3746 ⁰l³⁸l⁰1¹¹l⁰l1⁰⁵
1104 3699 1155 3754 per
1170 3680 1342 3736 charitatem
1365 3679 1417 3735 Dei
1440 3679 1662 3752 omnipotentis,
1683 3680 1718 3735 de
1737 3695 1790 3751 qua
1811 3671 1893 3730 Paulas

224 3785 323 3836 suum,
341 3764 526 3840 peregrinum
542 3766 587 3820 est
602 3761 790 3836 opuscjusab
801 3778 834 3818 eo
849 3761 910 3822 (lco-
921 3763 1049 3835 xxviiii.»
1104 3770 1253 3844 apostolus
1268 3767 1356 3826 dicit:
1371 3792 1385 3820 ι(
1397 3769 1500 3825 adhuc
1516 3768 1747 3826 excellentiorem
1757 3759 1893 3822 viamvobis

223 3857 261 3915 Ut
275 3856 617 3928 enimoperareturopus
630 3849 949 3920 suum,idestsalutem
961 3867 1048 3924 gene·
1103 3861 1272 3916 domonstcc
1289 3858 1311 3933 (l
1325 3859 1388 3916 dor.
1406 3861 1465 3928 ru).
1483 3881 1496 3910 a
1524 3859 1591 3915 Ideo
1610 3861 1678 3931 juro
1706 3859 1799 3915 eadem
1819 3851 1893 3908 tunica

223 3947 264 4004 ris
280 3944 413 4013 humani,
429 3959 503 4017 opus
519 3941 597 3998 illius
617 3939 746 3996 alienum
772 3939 836 4008 luit,
852 3940 922 4013 qnia
937 3942 1048 4014 passic-
1103 3948 1229 4021 desuper
1243 3951 1378 4004 contexta
1392 3947 1572 4020 perhibetur.

223 4051 290 4094 nom
306 4050 396 4107 quam
412 4031 540 4106 pertulit,
555 4032 620 4103 ejus
635 4029 783 4085 Divinitati
800 4028 895 4086 aliena
910 4029 975 4086 luit.
1138 4060 1152 4087 α
1170 4037 1204 4092 Et
1219 4036 1422 4108 imposuerunt
1433 4041 1618 4110 supercaput
1628 4037 1693 4110 ejus
1703 4050 1813 4094 oausam
1823 4029 1894 4104 ipsius

259 4147 273 4178 a
290 4124 432 4183 boantes
457 4125 566 4192 autem,
594 4121 767 4176 invenerunt
790 4118 939 4176 laminam
961 4119 1047 4193 Cyro·
1102 4149 1116 4176 a
1132 4125 1283 4198 scriptam.
1300 4148 1314 4177 »
1330 4126 1454 4182 Causam
1470 4124 1605 4182 videlicet
1620 4125 1724 4183 mortis
1736 4121 1815 4198 capiti
1834 4117 1894 4175 illius

221 4239 236 4267 n
252 4230 349 4272 naum
365 4212 484 4270 nomino
498 4211 661 4277 Simonem,
677 4208 755 4266 bunc
774 4208 999 4283 angariaverunt
1014 4213 1048 4266 ut
1101 4215 1391 4288 superscripserunt:
1410 4237 1423 4264 «
1450 4215 1501 4270 Hic
1525 4219 1569 4272 cst
1594 4233 1645 4272 ccx
1668 4217 1834 4273 Judaecrum,
1850 4232 1860 4256 n
1872 4205 1894 4260 ll

220 4328 235 4356 «
250 4303 365 4362 tolleret
378 4318 495 4360 crucem
511 4301 585 4374 ejus.
613 4323 627 4350 »
642 4301 706 4357 Non
721 4301 765 4356 est
792 4299 956 4355 contrarius
973 4300 1045 4354 llat-
1101 4304 1281 4378 scripserunt
1295 4303 1350 4360 hoe
1364 4303 1512 4360 Hebraicis
1525 4303 1749 4374 litteris,Graecis
1762 4293 1894 4358 attalicis.

220 4394 314 4450 thaeus
333 4392 439 4449 loanni
463 4389 645 4464 evangelistae
672 4388 722 4462 qui
747 4386 865 4461 scripsit
884 4388 1045 4461 Dominum
1100 4400 1133 4451 ut
1147 4395 1274 4451 loannes
1289 4393 1468 4467 evangelista
1491 4393 1562 4449 dicit
1576 4396 1666 4462 (loca.
1683 4392 1754 4464 xix),
1769 4389 1831 4463 quia
1844 4391 1895 4440 tunc

220 4499 337 4541 crucem
352 4480 407 4538 sibi
423 4479 636 4553 bajulasse,sed
651 4476 876 4551 intelligendum
891 4477 969 4549 quod
984 4479 1044 4550 pri·
1098 4483 1238 4556 temporis
1255 4483 1363 4538 batres
1375 4482 1480 4556 lingua
1494 4480 1829 4556 principatumtenebant
1839 4475 1896 4529 inter

221 4588 303 4627 mum
319 4569 418 4627 exiens
434 4572 470 4628 de
494 4569 628 4642 pretorio
644 4583 760 4624 crucem
790 4565 846 4622 sibi
867 4567 1042 4639 portaverit:
1060 4590 1083 4656 [J
1099 4572 1227 4644 reliquas
1242 4569 1368 4644 linguas.
1385 4572 1526 4628 Hebraico
1541 4576 1660 4646 propter
1674 4571 1786 4628 ledeos
1798 4563 1896 4640 glorian·

101 4701 111 4706 -
220 4660 325 4721 deinde
339 4676 416 4728 vero,
433 4657 566 4716 obviante
591 4657 719 4723 Simone,
737 4653 960 4728 angariaverunt
976 4673 1044 4714 eum
1099 4666 1142 4718 tes
1158 4661 1188 4715 in
1205 4659 1276 4732 lege.
1293 4665 1393 4717 Graeca
1407 4665 1507 4718 autem
1524 4665 1644 4735 propter
1658 4659 1804 4734 gentilium
1819 4651 1895 4723 philo·

220 4755 253 4810 ut
268 4749 382 4808 tolleret
393 4764 509 4806 crucem
525 4746 640 4804 Domini
665 4760 759 4816 usque
774 4745 810 4800 ad
826 4742 921 4801 locum
936 4761 994 4818 quo
1010 4747 1043 4800 li-
1099 4749 1218 4822 sopbos,
1234 4749 1339 4805 Latina
1354 4753 1451 4806 autem
1472 4753 1591 4824 propter
1615 4751 1773 4816 Romanos,
1787 4745 1832 4818 qui
1844 4747 1896 4796 tuuc

219 4841 314 4914 ganda
328 4843 400 4906 erat,
417 4838 494 4912 quod
508 4855 525 4895 a
538 4852 644 4910 magno
661 4833 798 4908 mysterio
814 4850 871 4890 noa
887 4838 980 4890 vacat.
998 4833 1043 4891 Si·
1098 4837 1239 4912 temporis
1255 4839 1392 4896 omnibus
1407 4839 1544 4912 gentibus
1560 4838 1753 4912 imperabant.
1765 4833 1849 4891 Velint
1860 4843 1896 4883 na·

219 4929 339 5000 quidem
355 4929 468 4996 Simon,
483 4927 533 5000 qui
549 4926 757 4998 iuterpretatur
768 4923 1043 4998 obedieragentilem
1098 4926 1153 4984 lint
1167 4927 1271 4995 iudai,
1287 4927 1384 4984 omnis
1398 4926 1500 5002 lingua
1512 4933 1542 4985 ct
1563 4927 1661 4986 omnis
1677 4927 1755 4984 natio
1769 4921 1910 4980 concretu,

219 5017 360 5088 populum
375 5018 519 5090 designat.
532 5015 613 5072 Unde
627 5016 700 5071 bena
713 5015 867 5087 cyreneus
879 5013 1045 5080 luissedioi-
1099 5018 1176 5090 quod
1192 5016 1279 5074 lesus
1294 5019 1339 5072 est
1353 5033 1402 5072 rex
1416 5016 1597 5086 iuncorum,
1609 5017 1663 5074 hoo
1677 5021 1733 5087 est,
1749 5010 1864 5072 omnium
1874 5004 1895 5057 in

219 5109 278 5170 tur,
295 5105 345 5177 qui
360 5104 452 5162 hares
466 5103 762 5178 interpretatur.Nam
773 5103 809 5159 de
823 5103 924 5175 gentili
935 5102 1044 5176 populo
1099 5123 1130 5164 se
1145 5105 1327 5163 credentium
1342 5109 1371 5162 et
1386 5123 1416 5162 se
1432 5107 1645 5163 confitentium.

218 5196 307 5250 allec
322 5196 407 5250 Patro
421 5195 493 5251 llilio
509 5193 739 5267 repromittitur:
755 5193 862 5250 ababa
878 5192 930 5248 tibi
942 5195 1042 5264 gentes
1132 5220 1146 5247 a
1163 5195 1243 5252 Tunc
1260 5195 1390 5252 crucifixi
1406 5198 1477 5251 aaut
1491 5213 1560 5252 oum
1575 5213 1608 5254 eo
1622 5196 1680 5253 duo
1696 5195 1896 5258 introiremus

218 5281 417 5338 haereditatem
433 5286 525 5348 tuam,
537 5283 792 5356 etpossossionom
804 5286 885 5338 tuam
902 5281 1042 5338 terminos
1097 5309 1111 5338 a
1128 5303 1144 5341 a
1160 5285 1279 5352 dextris,
1291 5288 1319 5340 et
1332 5301 1410 5340 unus
1426 5302 1442 5341 a
1459 5285 1717 5342 sinistris.»luxta
1730 5283 1847 5339 litteram
1855 5275 1898 5328 im·

218 5374 301 5428 tcrrre
317 5370 402 5443 (Psoi.
418 5375 459 5440 11).
478 5394 492 5421 »
1096 5372 1205 5444 pletum
1223 5376 1268 5427 est
1282 5370 1365 5440 illud,
1382 5373 1459 5443 quod
1475 5389 1526 5443 per
1542 5373 1714 5445 prophetam
1730 5369 1860 5426 dicdum«
1873 5359 1896 5412 El

256 5463 316 5516 alu
331 5459 429 5516 locum
445 5459 495 5532 qui
523 5459 630 5516 dicitur
643 5460 796 5534 Golgotha,
813 5460 890 5534 quod
916 5463 961 5516 est
975 5459 1041 5516 Cal·
1096 5477 1163 5517 eum
1180 5459 1289 5532 iniquis
1313 5461 1471 5532 deputatus
1497 5466 1542 5517 est
1565 5462 1628 5531 (leo.
1646 5465 1717 5532 mn).
1736 5481 1749 5510 a
1763 5447 1896 5524 attegorbe

218 5571 233 5600 a
247 5549 331 5606 varia
346 5549 457 5607 locus.»
469 5549 592 5614 Quidam
607 5549 703 5606 locum
719 5549 853 5606 Calvariae
867 5549 979 5607 dictum
992 5568 1042 5606 nu·
1096 5554 1193 5608 autem
1208 5548 1412 5618 duolatrones,
1426 5550 1554 5623 quicum
1567 5539 1896 5608 Dominocrucilrxisunt

215 5644 333 5703 tumant
348 5657 365 5697 a
380 5638 530 5714 sepultura
545 5635 632 5712 primi
648 5638 788 5711 parentis,
802 5655 835 5694 ao
851 5639 927 5711 quod
943 5645 1039 5712 caput,
1102 5638 1270 5712 significant
1285 5638 1343 5696 duo
1358 5655 1464 5711 genera
1483 5639 1645 5710 bominum,
1662 5639 1713 5712 qai
1739 5635 1791 5694 sab
1805 5627 1897 5688 aonios-
