3872 6168
81 325 128 388 lut
663 321 839 386 llOlillLlAE
861 323 913 388 DE
934 325 1134 392 TEMPORE.
1690 330 1749 402 tdd

79 459 194 516 uanam
208 455 346 510 auctorem
362 453 516 528 potestatis
531 471 602 522 suas,
618 455 867 528 quemadmodum
883 457 993 525 Arunt
1006 461 1182 532 eumtltcrc.
1192 421 1265 534 'xv);
1283 484 1298 514 a
1311 461 1439 523 loannes
1459 482 1525 523 vero
1541 467 1611 526 dicit
1626 484 1633 524 a
1651 491 1666 521 a
1681 470 1750 530 Drat

76 547 152 620 legem
166 541 250 618 gentis
264 541 374 599 aliena.
389 543 439 600 sic
453 545 551 602 adhuc
567 563 573 602 :
924 551 1020 604 autem
1037 567 1192 622 paraseeve
1207 553 1324 612 Paschae
1341 553 1413 611 hora
1428 555 1512 627 quasi
1527 561 1617 626 sexta,
1632 561 1749 632 quando

104 657 115 684 a
129 633 224 689 Pilatus
238 636 334 688 autam
349 647 418 688 cum
434 634 567 690 audisset
581 634 635 691 hos
648 649 808 700 sermones,
820 634 868 690 ad·
923 629 998 694 mdia
1013 655 1064 711 pro
1080 641 1230 699 tribunali.
1243 663 1258 694 a
1273 643 1349 699 Hora
1363 645 1450 700 tertia
1464 644 1621 702 crucifixus
1636 651 1681 702 ast
1696 647 1749 704 Do·

73 721 166 778 odunt
179 721 249 777 iuras
262 721 373 789 lesum,
390 725 420 778 et
434 723 509 779 sedit
523 739 575 796 pro
591 722 741 790 tribunali,
757 723 787 778 in
803 723 867 780 loco
923 725 1022 782 minus
1037 727 1147 802 linguis
1160 729 1341 798 iudeorum,
1353 732 1424 789 hora
1434 737 1516 789 sexta
1526 734 1664 790 manibus
1676 734 1749 791 mili·

73 809 245 883 aquidioitur
255 809 456 878 Lithostratos,
467 811 605 868 Hebraico
617 815 714 868 autem
724 811 864 869 Gabatha.
921 818 996 882 tum,
1013 821 1045 872 ut
1058 817 1257 891 intelligamus
1274 820 1375 876 horam
1391 803 1599 895 quintantiam
1615 827 1747 880 transac-

71 900 150 954 allrat
163 903 252 954 autem
267 915 421 971 parasceue
436 899 553 956 Paschae
563 900 636 957 hora
646 900 730 974 quasi
746 905 836 959 sexta.
851 921 865 950 u
921 907 981 960 tam
998 905 1135 976 llaisse,et
1145 907 1255 979 aliquid
1268 908 1304 966 da
1315 913 1395 966 sexta
1406 913 1660 984 captum,quondo
1672 911 1748 970 sedit

69 987 866 1063 OuahorasitDominusorucilixus,proptereuangelistaa
921 1009 973 1065 pro
989 993 1128 1050 tribunali
1144 995 1264 1066 Pilatus,
1278 1013 1341 1070 qum
1357 997 1435 1055 dicta
1449 1003 1493 1056 est
1506 1000 1590 1073 quaesi
1606 1005 1705 1057 sexta:
1718 1003 1747 1058 c‘t
1847 986 1851 995 ¹

68 1075 168 1134 alterius
183 1076 389 1147 testimonium,
399 1077 449 1150 qui
465 1079 555 1134 dixit:
570 1101 581 1128 a
599 1079 667 1134 Drat
681 1083 779 1134 autem
796 1076 866 1134 hora
921 1098 987 1137 cum
1002 1084 1157 1140 duceretur
1173 1089 1205 1141 ut
1220 1085 1249 1140 in
1265 1085 1352 1160 longo
1368 1103 1434 1142 oum
1451 1087 1567 1145 duobus
1580 1089 1745 1146 latronibus

68 1166 145 1231 tertia,
160 1170 186 1220 et
206 1165 408 1222 crucifixerunt
429 1183 497 1223 eum
513 1167 603 1240 (More.
619 1169 677 1236 su),
694 1189 708 1219 a
725 1167 865 1240 quoniam
920 1169 1149 1244 crucifigeretur,
1159 1178 1188 1230 et
1198 1175 1283 1245 juxta
1296 1191 1412 1232 crucem
1426 1177 1490 1248 ejus
1503 1180 1673 1250 gererentur
1681 1193 1745 1250 qum

67 1255 644 1327 magondisoaptstiosoletoboriri,oumad
654 1256 864 1330 ipsumlooum,
919 1263 1001 1332 gesta
1016 1259 1264 1332 narrantur,hora
1274 1267 1355 1319 sexta
1369 1263 1483 1337 integra
1498 1263 1745 1337 compleretur,ex

66 1343 104 1398 uti
118 1341 265 1400 crucifixus
280 1350 426 1411 narretur,
443 1350 563 1403 ventum
578 1344 675 1414 luerit,
691 1349 724 1400 ut
737 1345 864 1418 potueri·
919 1363 978 1418 qua
993 1347 1065 1404 hora
1079 1363 1172 1422 usque
1187 1351 1222 1405 od
1239 1365 1347 1406 nonam
1363 1349 1453 1408 solem
1467 1352 1654 1409 obscuratum
1667 1357 1695 1410 et
1706 1358 1747 1410 te·

66 1448 127 1498 mue,
141 1431 164 1486 si
186 1431 327 1489 Dominus
350 1432 483 1502 voluerit,
508 1433 698 1491 disseremus.
714 1433 787 1490 Cum
813 1451 865 1506 pro
920 1437 1025 1492 achras
1040 1437 1744 1513 iactastriumevangelistarum,Matthae'i,llarci

64 1519 182 1576 tribunali
197 1521 322 1578 aedisset
336 1521 448 1579 Pilatus
465 1539 471 1576 :
919 1529 948 1580 et
964 1525 1046 1581 Luca
1062 1527 1420 1584 contestaturauotoritas.
1430 1529 1484 1584 Sed
1497 1529 1636 1600 quoniam
1649 1530 1742 1586 Judaei

91 1631 103 1658 o
117 1606 186 1664 Dixit
198 1609 307 1666 Judaeis
324 1628 331 1665 :
348 1614 419 1667 Doce
433 1627 482 1667 rex
497 1615 600 1668 vester.
617 1611 661 1666 Illi
685 1613 781 1668 autem
805 1609 865 1667 cla·
919 1613 1034 1670 lacinus
1054 1614 1198 1671 interlecti
1222 1613 1328 1671 Christi
1345 1633 1361 1670 a
1376 1631 1407 1670 se
1435 1616 1464 1670 in
1481 1617 1637 1682 Romanos,
1653 1617 1681 1673 id
1699 1621 1745 1674 est

64 1697 209 1754 amabant:
226 1697 318 1766 Tolle,
333 1698 412 1768 tolle,
428 1699 566 1773 oruoiiige
581 1699 665 1756 euml
679 1699 754 1756 Dicit
768 1700 810 1756 eis
824 1700 865 1756 l’i·
920 1698 1044 1758 Pilatum
1060 1704 1166 1776 atejus
1182 1702 1290 1760 milites
1305 1704 1463 1760 transieras
1477 1705 1573 1760 conati
1588 1710 1667 1774 sunt,
1679 1721 1744 1778 pro·

64 1785 168 1842 alatus:
185 1786 292 1860 liegam
307 1791 436 1846 uestrum
452 1787 643 1862 crucifigam?
654 1811 668 1840 o
688 1789 790 1846 Adhuc
806 1792 863 1844 ter-
919 1794 1018 1863 pterea
1034 1790 1158 1858 Marcus,
1172 1807 1332 1864 suppressa
1355 1807 1388 1847 ea
1411 1791 1483 1848 hora
1505 1809 1563 1865 qua
1577 1793 1710 1850 Christus
1725 1811 1744 1851 a

62 1891 147 1942 rorem,
164 1891 248 1948 quem
263 1876 300 1932 de
315 1877 427 1934 Cesare
448 1875 641 1952 ingesserant,
657 1893 795 1950 superero
815 1895 863 1934 oo·
919 1877 1062 1935 militibus
1077 1879 1234 1936 crucillxus
1245 1884 1300 1948 est,
1311 1897 1374 1953 qum
1386 1879 1432 1952 agi
1444 1882 1593 1952 sextajom
1606 1885 1741 1954 coeperat,

62 1965 139 2029 natur,
149 1963 183 2018 de
196 1963 358 2036 ignominis
372 1981 473 2020 eorum
489 1964 589 2021 volens
604 1980 653 2020 eos
668 1963 811 2037 Frangere,
823 1963 865 2020 di·
917 1967 1034 2024 tertiam
1046 1967 1144 2039 potius
1153 1967 1255 2024 heram
1266 1968 1743 2042 recordatusexpressitouahora

61 2054 134 2108 modo
149 2069 155 2107 :
172 2075 185 2104 o
202 2053 311 2127 Regem
332 2057 462 2110 vestrum
485 2047 679 2127 crucillgam'l
695 2075 710 2102 a
724 2055 803 2118 Quos
828 2053 864 2111 ds
918 2055 1209 2130 intelligunturapud
1222 2057 1346 2112 Pilatum
1357 2055 1640 2131 clamarepotuisse:
1652 2057 1743 2114 «Cru-

36 2161 43 2178 ·
59 2138 199 2211 ignominia
212 2141 322 2199 Christi
338 2141 473 2216 mitigare
489 2159 545 2198 non
560 2143 675 2215 potuit;
692 2144 743 2199 sed
758 2143 864 2198 timore
918 2143 1162 2217 oilage,cruciilge,
1172 2149 1227 2200 »ut
1237 2161 1296 2201 non
1307 2143 1349 2201 illi
1361 2149 1476 2202 tantum
1488 2143 1671 2218 reperiantur
1681 2162 1745 2202 eru·

61 2227 151 2286 illatus
165 2247 230 2288 mox
242 2231 395 2288 vincitur:
412 2232 490 2288 unde
507 2231 644 2288 subditur
658 2248 666 2287 t
918 2233 1045 2290 oillxisse
1059 2231 1171 2300 Josum,
1182 2233 1213 2308 id
1227 2237 1272 2290 est
1287 2233 1406 2300 milites,
1418 2233 1469 2306 qui
1484 2251 1551 2290 cum
1566 2231 1647 2307 ligno
1662 2237 1744 2291 sexta

87 2343 98 2367 a
112 2319 329 2392 Responderunt
343 2320 497 2393 pontillces
508 2337 516 2375 :
529 2321 590 2377 Non
606 2320 750 2376 hahemus
765 2335 862 2393 regem
917 2322 989 2378 hora
1004 2321 1339 2396 suspenderunt,uerum
1351 2321 1438 2378 etiam
1455 2322 1558 2389 ludaei,
1569 2323 1618 2395 qui
1634 2327 1667 2378 ut
1677 2339 1743 2379 cru·

61 2407 130 2464 anisi
144 2408 295 2466 Cesaram.
316 2411 397 2466 'l'unc
422 2425 490 2483 ergo
515 2409 636 2465 tradidit
659 2409 701 2465 cis
721 2407 805 2464 illum
831 2413 864 2466 ut
916 2411 1185 2483 eligeretur‚tertio
1199 2410 1408 2468 clamaverunt.
1422 2434 1436 2460 o
1454 2409 1593 2482 bajulans
1605 2410 1662 2467 sihi
1676 2427 1742 2468 oru-

60 2519 70 2546 a
79 2499 294 2570 crucifigeretur.
305 2519 319 2548 a
329 2499 522 2572 Apertissime
537 2497 643 2570 quippe
654 2502 755 2554 contra
768 2501 863 2554 Caesa·
917 2517 992 2562 cem,
1004 2499 1091 2556 exivit
1105 2499 1134 2556 in
1151 2499 1287 2572 eum,qui
1301 2499 1409 2555 dieitur
1423 2499 1559 2556 Calcaria
1572 2499 1680 2566 locum,
1691 2501 1743 2556 lle·

59 2587 206 2643 reinvenire
220 2587 411 2656 videretur,si
428 2603 525 2660 regem
542 2586 862 2644 senisiCursaremnoa
916 2588 1012 2646 braice
1027 2593 1124 2645 autem
1150 2587 1302 2660 Golgotha,
1320 2589 1368 2643 nbi
1393 2605 1459 2644 enm
1483 2587 1699 2659 crucifixerunt,
1714 2593 1744 2645 et

58 2673 143 2731 habere
157 2676 373 2748 profitentibus,
389 2676 481 2732 alium
506 2691 604 2748 regem
619 2674 705 2731 vallet
719 2675 861 2747 ingerere.
915 2694 983 2738 cum
999 2694 1033 2735 eo
1047 2677 1121 2734 alios
1145 2677 1233 2743 duos,
1248 2676 1316 2731 hino
1338 2681 1367 2732 et
1392 2675 1472 2742 hino,
1489 2675 1619 2732 medium
1644 2680 1742 2733 autem

58 2761 207 2820 dimittendo
221 2765 416 2838 impunitum,
427 2781 515 2837 quem
531 2769 649 2836 propter
663 2763 717 2820 hos
732 2779 824 2820 ausus
835 2763 862 2820 et
914 2767 1025 2823 lesum.
1035 2788 1047 2815 ι
1058 2766 1108 2822 Isti
1120 2766 1178 2821 duo
1187 2764 1316 2821 latrones
1331 2768 1423 2832 erent,
1432 2764 1508 2820 sicut
1519 2763 1643 2819 aliorum
1655 2779 1743 2820 evan·

56 2853 216 2910 tradiderunt
230 2854 437 2910 occidendum.
454 2853 517 2909 Neo
542 2858 641 2910 autem
664 2852 859 2908 dictumest:
914 2854 1086 2929 gallatorum
1102 2853 1269 2909 narratione
1284 2853 1452 2917 didicimus,
1469 2867 1536 2908 cum
1551 2852 1660 2924 quibus
1674 2869 1741 2908 cru-

57 2939 165 2996 lradldit
174 2941 214 2998 eis
226 2941 314 2998 illum
326 2945 359 2998 ut
369 2941 574 3015 crucifigerent
585 2939 679 3006 illum,
691 2941 740 2997 sed
753 2944 786 2996 ut
797 2957 862 2998 oru-
914 2943 1018 3000 cillxus
1033 2945 1062 3000 et
1076 2942 1152 2999 inter
1165 2957 1239 3014 quos
1252 2941 1409 2997 crucifixus
1422 2943 1467 2996 est
1477 2935 1621 2996 Christus.
1631 2938 1671 2997 Da
1682 2957 1740 3013 quo

56 3025 206 3101 eligeretur,
216 3029 331 3088 scilicet
341 3030 455 3102 judicio
470 3047 504 3088 ac
519 3033 661 3104 potestate
672 3028 815 3103 praesidis,
827 3033 861 3086 ut
914 3029 1066 3104 premissa
1080 3031 1192 3086 dixerat
1206 3029 1359 3102 prophetia
1374 3047 1381 3084 ε
1398 3051 1412 3079 o
1430 3029 1464 3084 Dt
1478 3043 1545 3084 cum
1560 3027 1672 3101 iniquis
1687 3028 1740 3084 de·

57 3118 208 3190 euangelista
222 3116 315 3176 dicit':
331 3141 345 3170 o
362 3117 494 3176 Tradidit
508 3135 576 3192 ergo
592 3118 675 3175 illum
690 3118 732 3174 eis
748 3120 781 3173 ut
793 3133 859 3174 oru-
914 3123 1034 3193 putatus
1050 3123 1094 3176 est
1109 3120 1171 3188 (loo.
1190 3119 1259 3189 urar).
1279 3139 1293 3166 a

56 3201 206 3278 eligeretur.
224 3229 238 3257 u
253 3207 313 3266 Sed
330 3207 463 3281 nunquid
487 3207 567 3264 alind
589 3211 617 3264 et
631 3210 698 3263 ante
713 3205 858 3278 cupiebat,
874 3192 896 3258 G
950 3229 965 3256 «ι
981 3207 1105 3280 Scripsit
1117 3210 1215 3262 autem
1230 3205 1348 3262 titulum
1363 3205 1484 3272 Pilatus,
1495 3209 1525 3261 ct
1536 3205 1635 3277 posuit
1650 3215 1740 3277 sepes

56 3307 108 3348 curn
121 3296 230 3353 dicebat
245 3315 252 3354 :
271 3321 288 3349 «ι
305 3296 432 3368 Accipite
446 3313 514 3352 eum
528 3313 590 3362 vos,
606 3301 635 3352 et
650 3295 828 3368 crucifigite:
847 3316 861 3345 o
918 3317 933 3347 a
948 3313 1075 3352 crucem.
1090 3297 1156 3352 Drat
1171 3299 1268 3352 autem
1284 3295 1426 3367 scriptum
1440 3311 1446 3350 :
1459 3294 1545 3350 Jesus
1559 3293 1737 3360 tisamenus,

56 3380 88 3436 ael
96 3383 173 3440 etiam
182 3385 362 3458 superium«
372 3385 500 3458 Accipite
509 3401 577 3442 eum
587 3401 648 3453 vos,
658 3389 685 3440 et
697 3384 861 3440 eorundum
917 3407 931 3436 a
948 3401 997 3441 rex
1010 3384 1189 3441 iudaeorum.
1207 3407 1220 3434 a
1236 3384 1319 3440 lirano
1341 3399 1409 3456 ergo
1424 3382 1544 3439 titulum
1561 3381 1648 3438 multi
1662 3380 1740 3455 lege·

55 3465 129 3541 legem
145 3478 268 3530 uestram
283 3473 415 3546 judicato
430 3475 521 3530 eum?
532 3497 545 3524 o
556 3473 722 3530 Canentem
737 3471 778 3527 illi
796 3475 860 3528 tan·
916 3471 1251 3545 runtJudesorumquia
1261 3489 1350 3545 prope
1360 3471 1504 3528 ciuitatem
1521 3471 1584 3526 erat
1597 3469 1680 3528 locus
1690 3469 1741 3526 ubi

55 3557 135 3627 tepora
145 3561 312 3627 uoluerunt,
321 3561 468 3618 dicentes:
481 3584 495 3612 «
507 3555 597 3619 Nobis
608 3578 666 3616 non
676 3561 743 3617 licet
752 3559 862 3616 interli-
915 3561 1220 3618 crucifixusesttesus.
1229 3560 1479 3634 Eteratscriptum
1489 3559 1742 3703 llohraieed'araecs

56 3659 104 3701 aare
116 3665 305 3724 quemquam,
323 3671 337 3699 u
354 3655 384 3706 ct
397 3651 479 3706 omni
493 3651 580 3706 modo
596 3650 791 3717 instanteset
803 3665 860 3706 non
917 3657 945 3709 et
960 3651 1071 3708 Latine.
1088 3651 1135 3707 liae
1152 3651 1260 3724 quippo
1275 3654 1335 3706 tras
1353 3649 1460 3723 lingum
1483 3648 1524 3704 ihi
1548 3665 1606 3721 prae
1630 3665 1645 3703 o
1684 3647 1742 3704 eris

56 3733 82 3787 ab
94 3735 139 3802 eis,
156 3739 204 3795 sed
218 3753 234 3794 a
250 3739 377 3812 preside
392 3737 582 3808 occideretur,
592 3737 693 3795 etideo
709 3754 776 3794 eum
787 3737 862 3794 occi·
915 3740 1093 3808 eminebant,
1103 3739 1222 3796 Hebraea
1237 3743 1355 3812 propter
1368 3738 1484 3794 ludaeos
1495 3738 1523 3793 in
1539 3735 1603 3810 lega
1617 3736 1743 3810 glorian·

55 3820 161 3882 lendum
176 3827 310 3899 accipere
321 3830 500 3895 recusantes,
509 3827 535 3882 si
547 3843 625 3882 nnnc
635 3843 703 3882 eum
713 3825 861 3896 accipiunt
914 3833 969 3894 tes,
986 3829 1084 3885 Graeca
1099 3832 1217 3900 propter
1231 3829 1360 3901 gentium
1378 3827 1537 3900 sapientes,
1552 3825 1654 3882 Latina
1672 3839 1739 3898 pro·

55 3909 218 3970 condendum
230 3916 245 3971 l
259 3909 316 3972 au't
330 3914 355 3970 ai
380 3914 434 3971 hoo
459 3930 516 3970 non
533 3915 581 3985 sit,
597 3931 651 3970 cur
665 3914 776 3970 dictum
791 3915 858 3970 est:
914 3923 981 3990 pter
994 3921 1140 3974 Romanos
1155 3916 1257 3972 multis
1281 3931 1315 3971 ac
1339 3932 1411 3988 pone
1433 3916 1571 3973 omnihus
1584 3915 1647 3986 jaan
1670 3918 1741 3970 tuno

54 3997 793 4078 «uunccrgotradidiaeisillamutoruoingoaatnrt»
803 4002 858 4058 Sed
913 4005 1051 4078 gentibus
1067 4003 1255 4076 imperantes.

54 4081 103 4142 ideo
115 4089 167 4146 illia
180 4093 326 4150 traditum
342 4091 415 4148 dixit
430 4091 618 4166 evangelista,
628 4097 662 4148 ut
675 4107 726 4148 eos
737 4089 860 4147 crimine
949 4117 963 4145 o
980 4093 1121 4150 Dicebant
1130 4109 1199 4165 ergo
1211 4091 1303 4149 Pilato
1311 4092 1464 4164 pontiiicce
1474 4090 1659 4148 ludaeorum:
1674 4089 1737 4146 Noli

54 4169 858 4254 implicatos,aquoalieniesseconabantur‚ostenderet.
914 4181 1094 4239 ascribere:
1113 4181 1171 4237 ilex
1194 4180 1374 4248 iudeorum,
1399 4180 1449 4236 sed
1466 4179 1536 4252 qnia
1557 4179 1620 4251 ipse
1641 4177 1737 4233 dixit:

54 4259 101 4318 ion
114 4267 184 4324 enim
201 4269 315 4326 Pilatus
330 4270 386 4326 hoc
402 4270 518 4338 laceret,
534 4268 591 4325 nisi
608 4273 640 4324 ut
663 4267 692 4324 id
715 4268 793 4341 quod
809 4283 859 4324 eos
914 4295 928 4322 α
946 4272 1005 4326 ilex
1029 4285 1095 4326 sum
1118 4269 1297 4325 iudaeorum.
1324 4267 1485 4340 Respondit
1506 4265 1617 4322 Pilatus
1633 4283 1639 4321 :
1655 4266 1738 4330 Quod

54 4357 299 4424 supersternebat,
316 4355 460 4428 impleret.
477 4355 558 4413 Unde
573 4359 602 4412 et
616 4355 768 4428 seqnitur:
914 4382 928 4412 «
940 4353 1739 4431 scripsiscripsi.»Diaollahilemvimdiuinaeoperatie-

81 4441 300 4516 «Susceperunt
314 4449 412 4501 autem
426 4444 539 4512 lesum,
557 4449 585 4501 et
599 4445 771 4501 eduxerunt.
783 4466 797 4494 a
808 4443 859 4501 Po·
913 4441 1740 4519 nis,etiamincordibusignorantiam,nonneoccultauos

55 4525 96 4580 leat
108 4528 260 4590 ad'miiites
272 4535 338 4606 jam
348 4533 514 4602 reterri,vel
525 4531 857 4606 apparitoresprcrsidis.
874 4560 897 4624 D
913 4537 1046 4610 quaedam
1063 4535 1152 4591 l‘itato
1172 4535 1264 4600 intus,
1282 4533 1422 4606 quodam,
1438 4533 1462 4589 sl
1485 4532 1541 4589 dici
1558 4535 1662 4604 potest,
1679 4528 1740 4614 cla-¹

55 4607 111 4670 Nam
124 4625 218 4690 postea
234 4622 400 4680 euidentius
414 4621 542 4678 dicitur:
560 4643 575 4672 a
590 4619 697 4678 Milites
711 4639 779 4696 ergo
790 4638 858 4680 oum
913 4641 995 4682 moso
1011 4624 1127 4681 silentio
1138 4623 1324 4696 personabat,
1341 4623 1419 4694 quod
1434 4625 1516 4677 tauto
1532 4620 1644 4676 ante'in
1660 4619 1739 4677 Psal-

56 4703 245 4768 erucilaxissent
260 4726 330 4767 eum
343 4727 350 4766 :
364 4731 378 4760 u
390 4709 525 4784 quamuis
540 4709 718 4782 evangelista
732 4709 857 4766 etiamsi
913 4729 1028 4770 morum
1054 4712 1160 4768 litteris
1183 4710 1388 4784 prophetatum
1413 4714 1479 4766 est:
1498 4710 1538 4765 Ne
1565 4721 1739 4780 corrumpas

55 4791 129 4848 totum
142 4797 250 4855 ludaris
262 4799 397 4866 tradidit,
413 4797 516 4856 marito
530 4798 608 4854 iacit.
624 4798 682 4871 lpsi
697 4798 776 4854 enim
792 4816 857 4854 sus·
912 4802 990 4859 tituli
1006 4801 1250 4874 inscriptionem?
1264 4800 1401 4872 Nunquid
1418 4798 1495 4856 enim
1512 4801 1665 4870 propteroa
1680 4809 1738 4852 nen

55 4889 180 4951 seponat,
202 4887 282 4960 quod
305 4887 500 4945 audacissime
517 4887 719 4962 flagitaverunt
735 4904 742 4942 :
758 4887 857 4960 stipsi
913 4889 1329 4963 eritverum,quialesusait:
1341 4889 1475 4944 Densum
1486 4883 1738 4943 suanorumtseo

54 4963 162 5029 tearum
172 4971 317 5050 quidquid
342 4981 375 5033 ut
399 4977 481 5034 tieret
495 4981 687 5034 extorserunt.
703 4976 858 5034 iudicante
913 4981 983 5054 qnid
999 4978 1165 5051 loquimini,
1178 4976 1275 5033 insani
1287 4975 1459 5062 pontifices?
1474 4974 1503 5031 Si
1519 4973 1667 5046 corrumpi
1678 4989 1737 5030 non

54 5058 125 5128 tique
137 5063 294 5122 damnante
309 5066 400 5122 Pilato
414 5083 466 5140 pro
482 5065 622 5123 tribunali
639 5065 796 5122 Dominum
810 5066 859 5123 Je·
913 5073 1009 5142 potest
1023 5067 1100 5140 quod
1116 5065 1227 5122 Pilatus
1240 5065 1367 5136 scripsit,
1384 5063 1531 5135 corrumpi
1548 5065 1644 5135 potest
1659 5061 1738 5134 quod

54 5155 106 5201 aum
118 5149 274 5223 Christum,
290 5154 362 5212 hora
376 5155 460 5227 quasi
474 5159 556 5211 sexta
570 5159 763 5227 susceperunt
777 5159 856 5223 eum‘,
911 5153 1470 5213 VeritasdixitlSedJudooomamtantum
1478 5151 1738 5230 ltexsetsshristns,

56 5233 246 5298 staturarum.
913 5239 1742 5317 anetiamgentium‘limoetgentiom.Cumenimdixisaet

83 5344 95 5370 o
105 5325 136 5381 ut
149 5328 285 5401 bajulans
299 5331 354 5388 sihi
370 5347 497 5398 erucem,
513 5331 600 5388 exivit
613 5331 644 5388 in
660 5349 739 5402 eum,
751 5333 799 5405 qui
817 5333 859 5388 di-

57 5427 68 5452 u
81 5412 145 5467 citur
157 5416 293 5475 Calvariae
306 5421 414 5490 locum,
429 5421 570 5477 llebraice
589 5425 687 5477 eutem
705 5421 858 5494 Golgotba,

57 5499 185 5560 uubieum
193 5508 431 5566 crucifixerunt.»
439 5508 512 5574 Quid
520 5510 646 5583 estquod
654 5510 859 5566 blarcnsevun-

57 5582 143 5651 tiliato
155 5593 194 5648 ait
210 5610 218 5650 ι
236 5616 250 5646 a
266 5597 333 5654 Drat
347 5601 445 5655 autem
459 5597 532 5654 hora
550 5597 645 5667 tortia,
663 5603 692 5652 et
706 5597 859 5655 crucifixe-

914 5334 942 5388 in
960 5332 1113 5406 prophetia
1125 5347 1131 5386 :
1144 5353 1158 5380 a
1173 5331 1231 5402 ligo
1243 5333 1341 5385 autem
1352 5329 1531 5384 constitutus
1546 5344 1613 5385 snm
1629 5329 1689 5384 Rex
1703 5325 1741 5383 ah

913 5439 946 5478 eo
959 5437 1050 5493 super
1064 5420 1133 5476 Sion
1150 5425 1279 5475 montem
1305 5421 1441 5474 sanctum
1457 5419 1522 5491 ejus
1537 5419 1650 5491 (Psalm.
1666 5417 1707 5489 ιι),
1725 5435 1739 5465 a
1785 5411 1789 5418 “

914 5510 1075 5583 praedicans
1086 5511 1260 5582 praeceptum
1273 5507 1391 5579 ejusne
1402 5511 1521 5581 propter
1528 5507 1597 5564 Sion
1609 5508 1738 5562 mentam

914 5599 984 5656 solis
999 5597 1014 5653 J
1019 5598 1108 5654 udaeis
1118 5613 1185 5654 eum
1196 5597 1305 5669 Degem
1316 5595 1425 5654 diceret
1439 5596 1641 5662 constitutum,
1650 5591 1739 5648 conti-
