<?xml version="1.0" encoding="UTF-8"?>
<!DOCTYPE html PUBLIC "-//W3C//DTD XHTML 1.0 Transitional//EN"
    "http://www.w3.org/TR/xhtml1/DTD/xhtml1-transitional.dtd">
<html xmlns="http://www.w3.org/1999/xhtml" xml:lang="en" lang="en">
 <head>
  <title>
</title>
<meta http-equiv="Content-Type" content="text/html;charset=utf-8" />
  <meta name='ocr-system' content='tesseract 3.04.00' />
  <meta name='ocr-capabilities' content='ocr_page ocr_carea ocr_par ocr_line ocrx_word'/>
</head>
<body>
  <div class='ocr_page' id='page_1' title='image "./patrologiaecurs109unkngoog_0362.png"; bbox 0 0 3988 6180; ppageno 0'>
   <div class='ocr_carea' id='block_1_1' title="bbox 93 251 1790 334">
    <p class='ocr_par' dir='ltr' id='par_1_1' title="bbox 93 251 1790 334">
     <span class='ocr_line' id='line_1_1' title="bbox 93 251 1790 334; baseline 0.002 -19"><span class='ocrx_word' id='word_1_1' title='bbox 93 261 161 320; x_wconf 74' lang='lat'><strong>713.</strong></span> <span class='ocrx_word' id='word_1_2' title='bbox 343 293 347 300; x_wconf 80' lang='lat'>,</span> <span class='ocrx_word' id='word_1_3' title='bbox 708 253 882 317; x_wconf 78' lang='lat' dir='ltr'>ttttbttttAE</span> <span class='ocrx_word' id='word_1_4' title='bbox 903 251 955 312; x_wconf 75' lang='lat' dir='ltr'>bd</span> <span class='ocrx_word' id='word_1_5' title='bbox 976 253 1173 314; x_wconf 67' lang='lat' dir='ltr'>&#39;l&#39;lllll‘tlltll¹</span> <span class='ocrx_word' id='word_1_6' title='bbox 1221 325 1228 334; x_wconf 27' lang='grc' dir='ltr'>ι</span> <span class='ocrx_word' id='word_1_7' title='bbox 1728 257 1790 320; x_wconf 72' lang='lat' dir='ltr'>’ild</span> 
     </span>
    </p>
   </div>
   <div class='ocr_carea' id='block_1_2' title="bbox 30 382 1886 5634">
    <p class='ocr_par' dir='ltr' id='par_1_2' title="bbox 30 382 1886 5634">
     <span class='ocr_line' id='line_1_2' title="bbox 91 382 1789 464; baseline 0.002 -18"><span class='ocrx_word' id='word_1_8' title='bbox 91 393 240 463; x_wconf 74' lang='lat' dir='ltr'>peccantes</span> <span class='ocrx_word' id='word_1_9' title='bbox 254 388 400 458; x_wconf 75' lang='lat' dir='ltr'><strong>irascitur,</strong></span> <span class='ocrx_word' id='word_1_10' title='bbox 419 393 451 447; x_wconf 91' lang='lat' dir='ltr'>ut</span> <span class='ocrx_word' id='word_1_11' title='bbox 466 389 680 464; x_wconf 75' lang='lat' dir='ltr'>paenitentibus</span> <span class='ocrx_word' id='word_1_12' title='bbox 700 385 905 460; x_wconf 69' lang='lat' dir='ltr'>compatiatur.</span> <span class='ocrx_word' id='word_1_13' title='bbox 920 382 1070 456; x_wconf 79' lang='lat' dir='ltr'>Ajustue,</span> <span class='ocrx_word' id='word_1_14' title='bbox 1084 400 1172 458; x_wconf 85' lang='lat' dir='ltr'>quam</span> <span class='ocrx_word' id='word_1_15' title='bbox 1189 385 1272 442; x_wconf 82' lang='lat' dir='ltr'>tortis</span> <span class='ocrx_word' id='word_1_16' title='bbox 1287 386 1326 443; x_wconf 86' lang='lat' dir='ltr'>sit</span> <span class='ocrx_word' id='word_1_17' title='bbox 1340 385 1502 456; x_wconf 85' lang='lat' dir='ltr'>videamus,</span> <span class='ocrx_word' id='word_1_18' title='bbox 1518 386 1789 450; x_wconf 69' lang='lat' dir='ltr'>cameriensem</span> 
     </span>
     <span class='ocr_line' id='line_1_3' title="bbox 91 473 1785 554; baseline 0.001 -20"><span class='ocrx_word' id='word_1_19' title='bbox 91 480 136 538; x_wconf 87' lang='lat' dir='ltr'>Vel</span> <span class='ocrx_word' id='word_1_20' title='bbox 151 483 227 537; x_wconf 86' lang='lat' dir='ltr'>certe</span> <span class='ocrx_word' id='word_1_21' title='bbox 242 479 283 548; x_wconf 85' lang='lat' dir='ltr'>bi,</span> <span class='ocrx_word' id='word_1_22' title='bbox 300 479 549 554; x_wconf 81' lang='lat' dir='ltr'>quiparalyticum</span> <span class='ocrx_word' id='word_1_23' title='bbox 565 477 730 536; x_wconf 87' lang='lat' dir='ltr'>Dnminoad</span> <span class='ocrx_word' id='word_1_24' title='bbox 747 474 909 537; x_wconf 80' lang='lat' dir='ltr'>curarulum</span> <span class='ocrx_word' id='word_1_25' title='bbox 966 473 1785 550; x_wconf 70' lang='lat' dir='ltr'>exdileictacorrjugeuniaumtiliumperrepromissienem</span> 
     </span>
     <span class='ocr_line' id='line_1_4' title="bbox 88 561 1788 640; baseline -0.001 -16"><span class='ocrx_word' id='word_1_26' title='bbox 88 567 263 637; x_wconf 87' lang='lat' dir='ltr'>obtulerunt,</span> <span class='ocrx_word' id='word_1_27' title='bbox 280 571 361 624; x_wconf 87' lang='lat' dir='ltr'>recte</span> <span class='ocrx_word' id='word_1_28' title='bbox 372 571 498 640; x_wconf 89' lang='lat' dir='ltr'>quatuor</span> <span class='ocrx_word' id='word_1_29' title='bbox 512 567 603 624; x_wconf 88' lang='lat' dir='ltr'>luisse</span> <span class='ocrx_word' id='word_1_30' title='bbox 618 569 829 624; x_wconf 81' lang='lat' dir='ltr'><strong>memorantur:</strong></span> <span class='ocrx_word' id='word_1_31' title='bbox 840 563 910 638; x_wconf 83' lang='lat' dir='ltr'>qaia</span> <span class='ocrx_word' id='word_1_32' title='bbox 964 563 1134 635; x_wconf 79' lang='lat' dir='ltr'>accepisset,</span> <span class='ocrx_word' id='word_1_33' title='bbox 1152 561 1294 626; x_wconf 85' lang='lat' dir='ltr'>audivita</span> <span class='ocrx_word' id='word_1_34' title='bbox 1308 563 1431 622; x_wconf 87' lang='lat' dir='ltr'>Domino</span> <span class='ocrx_word' id='word_1_35' title='bbox 1442 564 1518 638; x_wconf 85' lang='lat' dir='ltr'>(Gra.</span> <span class='ocrx_word' id='word_1_36' title='bbox 1535 568 1619 634; x_wconf 73' lang='lat' dir='ltr'>narrt:</span> <span class='ocrx_word' id='word_1_37' title='bbox 1635 587 1649 618; x_wconf 84' lang='lat' dir='ltr'>a</span> <span class='ocrx_word' id='word_1_38' title='bbox 1665 565 1746 622; x_wconf 74' lang='lat' dir='ltr'>&#39;Folle</span> <span class='ocrx_word' id='word_1_39' title='bbox 1757 568 1788 622; x_wconf 85' lang='lat' dir='ltr'>a·</span> 
     </span>
     <span class='ocr_line' id='line_1_5' title="bbox 86 651 1804 732; baseline -0.001 -18"><span class='ocrx_word' id='word_1_40' title='bbox 86 661 210 730; x_wconf 82' lang='lat' dir='ltr'>quatuor</span> <span class='ocrx_word' id='word_1_41' title='bbox 224 655 477 732; x_wconf 84' lang='lat' dir='ltr'>suntprineipales</span> <span class='ocrx_word' id='word_1_42' title='bbox 485 657 616 724; x_wconf 89' lang='lat' dir='ltr'>virtutes,</span> <span class='ocrx_word' id='word_1_43' title='bbox 624 657 660 713; x_wconf 88' lang='lat' dir='ltr'>de</span> <span class='ocrx_word' id='word_1_44' title='bbox 671 655 780 728; x_wconf 91' lang='lat' dir='ltr'>quibus</span> <span class='ocrx_word' id='word_1_45' title='bbox 789 653 817 708; x_wconf 89' lang='lat' dir='ltr'>iu</span> <span class='ocrx_word' id='word_1_46' title='bbox 827 655 908 710; x_wconf 73' lang='lat' dir='ltr'>aete-r-</span> <span class='ocrx_word' id='word_1_47' title='bbox 963 651 1035 708; x_wconf 88' lang='lat' dir='ltr'>lium</span> <span class='ocrx_word' id='word_1_48' title='bbox 1052 657 1138 708; x_wconf 88' lang='lat' dir='ltr'>tuum</span> <span class='ocrx_word' id='word_1_49' title='bbox 1151 670 1238 726; x_wconf 91' lang='lat' dir='ltr'>quem</span> <span class='ocrx_word' id='word_1_50' title='bbox 1250 652 1349 728; x_wconf 81' lang='lat' dir='ltr'>diligis</span> <span class='ocrx_word' id='word_1_51' title='bbox 1364 655 1454 722; x_wconf 65' lang='lat' dir='ltr'>lanan</span> <span class='ocrx_word' id='word_1_52' title='bbox 1470 659 1499 712; x_wconf 82' lang='lat' dir='ltr'>et</span> <span class='ocrx_word' id='word_1_53' title='bbox 1513 654 1618 714; x_wconf 79' lang='lat' dir='ltr'>ollares</span> <span class='ocrx_word' id='word_1_54' title='bbox 1631 671 1698 712; x_wconf 84' lang='lat' dir='ltr'>eum</span> <span class='ocrx_word' id='word_1_55' title='bbox 1714 655 1786 712; x_wconf 88' lang='lat' dir='ltr'>mihi</span> <span class='ocrx_word' id='word_1_56' title='bbox 1801 713 1804 724; x_wconf 76' lang='grc'><em>,</em></span> 
     </span>
     <span class='ocr_line' id='line_1_6' title="bbox 85 740 1786 821; baseline 0.001 -19"><span class='ocrx_word' id='word_1_57' title='bbox 85 764 127 804; x_wconf 78' lang='lat' dir='ltr'>aa</span> <span class='ocrx_word' id='word_1_58' title='bbox 139 745 392 821; x_wconf 81' lang='lat' dir='ltr'>&#39;sapientiaelaude</span> <span class='ocrx_word' id='word_1_59' title='bbox 407 746 532 816; x_wconf 83' lang='lat' dir='ltr'>canitur,</span> <span class='ocrx_word' id='word_1_60' title='bbox 549 743 693 802; x_wconf 74' lang='lat' dir='ltr'>sobrietas</span> <span class='ocrx_word' id='word_1_61' title='bbox 706 748 735 800; x_wconf 89' lang='lat' dir='ltr'>et</span> <span class='ocrx_word' id='word_1_62' title='bbox 754 741 907 816; x_wconf 80' lang='lat' dir='ltr'>sapientia,</span> <span class='ocrx_word' id='word_1_63' title='bbox 963 740 992 796; x_wconf 91' lang='lat' dir='ltr'>in</span> <span class='ocrx_word' id='word_1_64' title='bbox 1008 740 1214 800; x_wconf 84' lang='lat' dir='ltr'>holocaustum</span> <span class='ocrx_word' id='word_1_65' title='bbox 1229 759 1318 818; x_wconf 85' lang='lat' dir='ltr'>super</span> <span class='ocrx_word' id='word_1_66' title='bbox 1332 759 1426 800; x_wconf 87' lang='lat' dir='ltr'>unum</span> <span class='ocrx_word' id='word_1_67' title='bbox 1440 743 1588 802; x_wconf 85' lang='lat' dir='ltr'>montium·</span> <span class='ocrx_word' id='word_1_68' title='bbox 1601 761 1689 818; x_wconf 88' lang='lat' dir='ltr'>quem</span> <span class='ocrx_word' id='word_1_69' title='bbox 1703 761 1786 805; x_wconf 86' lang='lat' dir='ltr'>mou-</span> 
     </span>
     <span class='ocr_line' id='line_1_7' title="bbox 80 829 1787 911; baseline 0.001 -21"><span class='ocrx_word' id='word_1_70' title='bbox 80 833 196 908; x_wconf 88' lang='lat' dir='ltr'>justitia</span> <span class='ocrx_word' id='word_1_71' title='bbox 211 837 241 890; x_wconf 86' lang='lat' dir='ltr'>ct</span> <span class='ocrx_word' id='word_1_72' title='bbox 252 833 359 890; x_wconf 89' lang='lat' dir='ltr'>vlrtus:</span> <span class='ocrx_word' id='word_1_73' title='bbox 373 851 446 906; x_wconf 90' lang='lat' dir='ltr'>quas</span> <span class='ocrx_word' id='word_1_74' title='bbox 463 831 596 890; x_wconf 89' lang='lat' dir='ltr'>nonnulli</span> <span class='ocrx_word' id='word_1_75' title='bbox 610 833 702 892; x_wconf 85' lang='lat' dir='ltr'>versis</span> <span class='ocrx_word' id='word_1_76' title='bbox 727 829 906 900; x_wconf 88' lang='lat' dir='ltr'>nominibus,</span> <span class='ocrx_word' id='word_1_77' title='bbox 962 833 1091 888; x_wconf 84' lang='lat' dir='ltr'>stravcro</span> <span class='ocrx_word' id='word_1_78' title='bbox 1107 830 1169 888; x_wconf 90' lang='lat' dir='ltr'>tibi.</span> <span class='ocrx_word' id='word_1_79' title='bbox 1185 831 1285 888; x_wconf 82' lang='lat' dir='ltr'>At-ille</span> <span class='ocrx_word' id='word_1_80' title='bbox 1300 831 1335 888; x_wconf 89' lang='lat' dir='ltr'>de</span> <span class='ocrx_word' id='word_1_81' title='bbox 1355 836 1439 890; x_wconf 89' lang='lat' dir='ltr'>nocto</span> <span class='ocrx_word' id='word_1_82' title='bbox 1463 848 1657 911; x_wconf 83' lang='lat' dir='ltr'>consurgens,</span> <span class='ocrx_word' id='word_1_83' title='bbox 1684 832 1787 892; x_wconf 78' lang='lat' dir='ltr'>stravit</span> 
     </span>
     <span class='ocr_line' id='line_1_8' title="bbox 84 917 1788 997; baseline 0.001 -18"><span class='ocrx_word' id='word_1_84' title='bbox 84 917 907 997; x_wconf 80' lang='lat' dir='ltr'>prudentiam,tempercutiam,iortitudinemetjustitiam</span> <span class='ocrx_word' id='word_1_85' title='bbox 962 919 1080 978; x_wconf 89' lang='lat' dir='ltr'>asinum</span> <span class='ocrx_word' id='word_1_86' title='bbox 1095 937 1193 988; x_wconf 85' lang='lat' dir='ltr'>suurn,</span> <span class='ocrx_word' id='word_1_87' title='bbox 1205 925 1259 978; x_wconf 89' lang='lat' dir='ltr'>etc.</span> <span class='ocrx_word' id='word_1_88' title='bbox 1277 942 1290 971; x_wconf 76' lang='lat' dir='ltr'>a</span> <span class='ocrx_word' id='word_1_89' title='bbox 1307 921 1339 976; x_wconf 80' lang='lat' dir='ltr'>lit</span> <span class='ocrx_word' id='word_1_90' title='bbox 1353 919 1788 996; x_wconf 66' lang='lat' dir='ltr'>iterummtlamqusdielertio,</span> 
     </span>
     <span class='ocr_line' id='line_1_9' title="bbox 89 1005 1786 1086; baseline 0 -18"><span class='ocrx_word' id='word_1_91' title='bbox 89 1010 244 1086; x_wconf 89' lang='lat' dir='ltr'>appellant,</span> <span class='ocrx_word' id='word_1_92' title='bbox 257 1011 375 1084; x_wconf 86' lang='lat' dir='ltr'>quibus,</span> <span class='ocrx_word' id='word_1_93' title='bbox 393 1015 425 1066; x_wconf 93' lang='lat' dir='ltr'>ut</span> <span class='ocrx_word' id='word_1_94' title='bbox 440 1011 481 1068; x_wconf 81' lang='lat' dir='ltr'>ait</span> <span class='ocrx_word' id='word_1_95' title='bbox 495 1009 655 1083; x_wconf 82' lang='lat' dir='ltr'>Scriptura,</span> <span class='ocrx_word' id='word_1_96' title='bbox 672 1005 908 1066; x_wconf 89' lang='lat' dir='ltr'>nihilestutilius</span> <span class='ocrx_word' id='word_1_97' title='bbox 962 1006 1081 1065; x_wconf 75' lang='lat' dir='ltr'>elevatis</span> <span class='ocrx_word' id='word_1_98' title='bbox 1094 1009 1197 1079; x_wconf 87' lang='lat' dir='ltr'>oculis,</span> <span class='ocrx_word' id='word_1_99' title='bbox 1213 1009 1335 1068; x_wconf 88' lang='lat' dir='ltr'>vidisset</span> <span class='ocrx_word' id='word_1_100' title='bbox 1348 1010 1445 1070; x_wconf 86' lang='lat' dir='ltr'>locum</span> <span class='ocrx_word' id='word_1_101' title='bbox 1461 1009 1572 1085; x_wconf 88' lang='lat' dir='ltr'>procul,</span> <span class='ocrx_word' id='word_1_102' title='bbox 1590 1011 1663 1070; x_wconf 77' lang='lat' dir='ltr'>dixit</span> <span class='ocrx_word' id='word_1_103' title='bbox 1687 1010 1786 1086; x_wconf 88' lang='lat' dir='ltr'>pueris</span> 
     </span>
     <span class='ocr_line' id='line_1_10' title="bbox 87 1095 1784 1174; baseline -0.001 -18"><span class='ocrx_word' id='word_1_104' title='bbox 87 1101 112 1164; x_wconf 88' lang='lat' dir='ltr'>ia</span> <span class='ocrx_word' id='word_1_105' title='bbox 125 1100 185 1158; x_wconf 85' lang='lat' dir='ltr'>vita</span> <span class='ocrx_word' id='word_1_106' title='bbox 200 1095 339 1156; x_wconf 89' lang='lat' dir='ltr'>hominis.</span> <span class='ocrx_word' id='word_1_107' title='bbox 356 1097 515 1156; x_wconf 80' lang='lat' dir='ltr'>Prudentia</span> <span class='ocrx_word' id='word_1_108' title='bbox 530 1099 608 1156; x_wconf 89' lang='lat' dir='ltr'>enim</span> <span class='ocrx_word' id='word_1_109' title='bbox 624 1103 669 1156; x_wconf 90' lang='lat' dir='ltr'>est</span> <span class='ocrx_word' id='word_1_110' title='bbox 684 1099 777 1157; x_wconf 86' lang='lat' dir='ltr'>Deum</span> <span class='ocrx_word' id='word_1_111' title='bbox 801 1113 907 1170; x_wconf 89' lang='lat' dir='ltr'>cogno·</span> <span class='ocrx_word' id='word_1_112' title='bbox 962 1097 1040 1153; x_wconf 88' lang='lat' dir='ltr'>suis:</span> <span class='ocrx_word' id='word_1_113' title='bbox 1057 1097 1227 1172; x_wconf 73' lang='lat' dir='ltr'>Exspectate</span> <span class='ocrx_word' id='word_1_114' title='bbox 1251 1098 1297 1156; x_wconf 91' lang='lat' dir='ltr'>bio</span> <span class='ocrx_word' id='word_1_115' title='bbox 1312 1115 1379 1156; x_wconf 84' lang='lat' dir='ltr'>cura</span> <span class='ocrx_word' id='word_1_116' title='bbox 1395 1096 1489 1166; x_wconf 88' lang='lat' dir='ltr'>asino,</span> <span class='ocrx_word' id='word_1_117' title='bbox 1505 1115 1559 1172; x_wconf 86' lang='lat' dir='ltr'>ego</span> <span class='ocrx_word' id='word_1_118' title='bbox 1574 1103 1604 1156; x_wconf 86' lang='lat' dir='ltr'>et</span> <span class='ocrx_word' id='word_1_119' title='bbox 1622 1115 1695 1174; x_wconf 78' lang='lat' dir='ltr'>puer</span> <span class='ocrx_word' id='word_1_120' title='bbox 1715 1098 1784 1156; x_wconf 86' lang='lat' dir='ltr'>illue</span> 
     </span>
     <span class='ocr_line' id='line_1_11' title="bbox 86 1185 1807 1265; baseline -0.003 -19"><span class='ocrx_word' id='word_1_121' title='bbox 86 1207 160 1246; x_wconf 86' lang='lat' dir='ltr'>scere</span> <span class='ocrx_word' id='word_1_122' title='bbox 175 1191 206 1245; x_wconf 86' lang='lat' dir='ltr'>et</span> <span class='ocrx_word' id='word_1_123' title='bbox 217 1189 281 1265; x_wconf 82' lang='lat' dir='ltr'>ejus</span> <span class='ocrx_word' id='word_1_124' title='bbox 297 1187 477 1250; x_wconf 84' lang='lat' dir='ltr'>uoluntatem</span> <span class='ocrx_word' id='word_1_125' title='bbox 493 1185 738 1262; x_wconf 59' lang='lat' dir='ltr'>intelligeremur</span> <span class='ocrx_word' id='word_1_126' title='bbox 754 1201 843 1263; x_wconf 88' lang='lat' dir='ltr'>quam</span> <span class='ocrx_word' id='word_1_127' title='bbox 857 1201 924 1242; x_wconf 43' lang='lat' dir='ltr'>nen</span> <span class='ocrx_word' id='word_1_128' title='bbox 961 1203 1054 1259; x_wconf 86' lang='lat' dir='ltr'>usqae</span> <span class='ocrx_word' id='word_1_129' title='bbox 1070 1193 1268 1261; x_wconf 78' lang='lat' dir='ltr'>properantes,</span> <span class='ocrx_word' id='word_1_130' title='bbox 1285 1192 1442 1261; x_wconf 87' lang='lat' dir='ltr'>potsqnam</span> <span class='ocrx_word' id='word_1_131' title='bbox 1458 1187 1784 1253; x_wconf 70' lang='lat' dir='ltr'>adoraverimusnevcn·</span> <span class='ocrx_word' id='word_1_132' title='bbox 1804 1245 1807 1252; x_wconf 61' lang='grc'><em>,</em></span> 
     </span>
     <span class='ocr_line' id='line_1_12' title="bbox 84 1272 1785 1352; baseline -0.002 -16"><span class='ocrx_word' id='word_1_133' title='bbox 84 1277 208 1340; x_wconf 87' lang='lat' dir='ltr'>cessaria</span> <span class='ocrx_word' id='word_1_134' title='bbox 223 1283 252 1334; x_wconf 86' lang='lat' dir='ltr'>et</span> <span class='ocrx_word' id='word_1_135' title='bbox 263 1277 391 1334; x_wconf 89' lang='lat' dir='ltr'>utilissit</span> <span class='ocrx_word' id='word_1_136' title='bbox 404 1275 906 1348; x_wconf 81' lang='lat' dir='ltr'>virtus,uominusmanitestatcam</span> <span class='ocrx_word' id='word_1_137' title='bbox 962 1279 1058 1332; x_wconf 74' lang='lat' dir='ltr'>mmor</span> <span class='ocrx_word' id='word_1_138' title='bbox 1072 1277 1107 1332; x_wconf 91' lang='lat' dir='ltr'>ad</span> <span class='ocrx_word' id='word_1_139' title='bbox 1123 1295 1184 1334; x_wconf 90' lang='lat' dir='ltr'>vos.</span> <span class='ocrx_word' id='word_1_140' title='bbox 1202 1272 1785 1352; x_wconf 83' lang='lat' dir='ltr'>»Cumquosdlocumperveniens,altaro</span> 
     </span>
     <span class='ocr_line' id='line_1_13' title="bbox 83 1362 1794 1442; baseline -0.001 -18"><span class='ocrx_word' id='word_1_141' title='bbox 83 1365 234 1440; x_wconf 86' lang='lat' dir='ltr'>discipulis</span> <span class='ocrx_word' id='word_1_142' title='bbox 250 1366 305 1423; x_wconf 88' lang='lat' dir='ltr'>ait:</span> <span class='ocrx_word' id='word_1_143' title='bbox 322 1389 336 1416; x_wconf 90' lang='lat'>«</span> <span class='ocrx_word' id='word_1_144' title='bbox 353 1365 449 1424; x_wconf 76' lang='lat' dir='ltr'>Estote</span> <span class='ocrx_word' id='word_1_145' title='bbox 456 1365 615 1438; x_wconf 84' lang='lat' dir='ltr'>prudentes</span> <span class='ocrx_word' id='word_1_146' title='bbox 628 1366 704 1422; x_wconf 89' lang='lat' dir='ltr'>sicut</span> <span class='ocrx_word' id='word_1_147' title='bbox 712 1367 907 1438; x_wconf 87' lang='lat' dir='ltr'>serpentes,et</span> <span class='ocrx_word' id='word_1_148' title='bbox 961 1362 1794 1442; x_wconf 42' lang='lat' dir='ltr'>aedificasset,ctcolligatumpuerumsupcrstrnemliguo·v</span> 
     </span>
     <span class='ocr_line' id='line_1_14' title="bbox 82 1451 1806 1529; baseline -0.002 -17"><span class='ocrx_word' id='word_1_149' title='bbox 82 1455 229 1529; x_wconf 83' lang='lat' dir='ltr'>simplices</span> <span class='ocrx_word' id='word_1_150' title='bbox 244 1453 320 1512; x_wconf 90' lang='lat' dir='ltr'>sicut</span> <span class='ocrx_word' id='word_1_151' title='bbox 335 1453 477 1514; x_wconf 81' lang='lat' dir='ltr'>columba</span> <span class='ocrx_word' id='word_1_152' title='bbox 493 1453 597 1524; x_wconf 77' lang='lat' dir='ltr'>(lirutlr.</span> <span class='ocrx_word' id='word_1_153' title='bbox 614 1455 676 1527; x_wconf 69' lang='lat' dir='ltr'>xl.»</span> <span class='ocrx_word' id='word_1_154' title='bbox 686 1451 835 1518; x_wconf 89' lang='lat' dir='ltr'>Qualisest</span> <span class='ocrx_word' id='word_1_155' title='bbox 851 1452 907 1508; x_wconf 90' lang='lat' dir='ltr'>ista</span> <span class='ocrx_word' id='word_1_156' title='bbox 962 1470 1028 1510; x_wconf 90' lang='lat' dir='ltr'>rum</span> <span class='ocrx_word' id='word_1_157' title='bbox 1044 1453 1243 1528; x_wconf 82' lang='lat' dir='ltr'>imposuisset,</span> <span class='ocrx_word' id='word_1_158' title='bbox 1256 1453 1785 1528; x_wconf 79' lang='lat' dir='ltr'>ooaparaumdoloremetaagustiam</span> <span class='ocrx_word' id='word_1_159' title='bbox 1803 1499 1806 1508; x_wconf 93' lang='grc'><em>,</em></span> 
     </span>
     <span class='ocr_line' id='line_1_15' title="bbox 81 1539 1783 1620; baseline -0.001 -20"><span class='ocrx_word' id='word_1_160' title='bbox 81 1544 245 1620; x_wconf 88' lang='lat' dir='ltr'>prudentia,</span> <span class='ocrx_word' id='word_1_161' title='bbox 263 1539 288 1598; x_wconf 90' lang='lat' dir='ltr'>si</span> <span class='ocrx_word' id='word_1_162' title='bbox 304 1542 445 1600; x_wconf 80' lang='lat' dir='ltr'>tortitudo</span> <span class='ocrx_word' id='word_1_163' title='bbox 461 1541 557 1599; x_wconf 82' lang='lat' dir='ltr'>desit?</span> <span class='ocrx_word' id='word_1_164' title='bbox 570 1542 649 1599; x_wconf 86' lang='lat' dir='ltr'>Scire</span> <span class='ocrx_word' id='word_1_165' title='bbox 664 1542 743 1600; x_wconf 88' lang='lat' dir='ltr'>enim</span> <span class='ocrx_word' id='word_1_166' title='bbox 754 1543 865 1600; x_wconf 91' lang='lat' dir='ltr'>bonum</span> <span class='ocrx_word' id='word_1_167' title='bbox 877 1545 907 1599; x_wconf 90' lang='lat' dir='ltr'>ct</span> <span class='ocrx_word' id='word_1_168' title='bbox 960 1541 990 1598; x_wconf 91' lang='lat' dir='ltr'>in</span> <span class='ocrx_word' id='word_1_169' title='bbox 1006 1544 1090 1600; x_wconf 90' lang='lat' dir='ltr'>cordo</span> <span class='ocrx_word' id='word_1_170' title='bbox 1106 1542 1284 1602; x_wconf 87' lang='lat' dir='ltr'>sustinuisse</span> <span class='ocrx_word' id='word_1_171' title='bbox 1298 1545 1462 1602; x_wconf 86' lang='lat' dir='ltr'>credendus</span> <span class='ocrx_word' id='word_1_172' title='bbox 1476 1547 1530 1612; x_wconf 88' lang='lat' dir='ltr'>est,</span> <span class='ocrx_word' id='word_1_173' title='bbox 1542 1547 1783 1616; x_wconf 88' lang='lat' dir='ltr'>nontantumpre</span> 
     </span>
     <span class='ocr_line' id='line_1_16' title="bbox 81 1629 1783 1710; baseline -0.002 -18"><span class='ocrx_word' id='word_1_174' title='bbox 81 1651 134 1692; x_wconf 91' lang='lat' dir='ltr'>non</span> <span class='ocrx_word' id='word_1_175' title='bbox 150 1649 239 1710; x_wconf 88' lang='lat' dir='ltr'>posse</span> <span class='ocrx_word' id='word_1_176' title='bbox 255 1632 361 1702; x_wconf 84' lang='lat' dir='ltr'>iacere,</span> <span class='ocrx_word' id='word_1_177' title='bbox 378 1631 473 1706; x_wconf 88' lang='lat' dir='ltr'>magis</span> <span class='ocrx_word' id='word_1_178' title='bbox 489 1648 575 1704; x_wconf 74' lang='lat' dir='ltr'>paena</span> <span class='ocrx_word' id='word_1_179' title='bbox 586 1635 631 1688; x_wconf 88' lang='lat' dir='ltr'>est</span> <span class='ocrx_word' id='word_1_180' title='bbox 642 1629 907 1705; x_wconf 83' lang='lat' dir='ltr'>quamvirtus.Ad·</span> <span class='ocrx_word' id='word_1_181' title='bbox 961 1634 1055 1688; x_wconf 86' lang='lat' dir='ltr'>morte</span> <span class='ocrx_word' id='word_1_182' title='bbox 1068 1632 1166 1690; x_wconf 89' lang='lat' dir='ltr'>dilecti</span> <span class='ocrx_word' id='word_1_183' title='bbox 1183 1631 1244 1700; x_wconf 82' lang='lat' dir='ltr'>filii,</span> <span class='ocrx_word' id='word_1_184' title='bbox 1261 1633 1312 1690; x_wconf 89' lang='lat' dir='ltr'>sed</span> <span class='ocrx_word' id='word_1_185' title='bbox 1336 1633 1424 1690; x_wconf 89' lang='lat' dir='ltr'>etiam</span> <span class='ocrx_word' id='word_1_186' title='bbox 1447 1632 1556 1690; x_wconf 87' lang='lat' dir='ltr'>timens</span> <span class='ocrx_word' id='word_1_187' title='bbox 1570 1637 1598 1690; x_wconf 90' lang='lat' dir='ltr'>et</span> <span class='ocrx_word' id='word_1_188' title='bbox 1620 1648 1723 1690; x_wconf 82' lang='lat' dir='ltr'>verens</span> <span class='ocrx_word' id='word_1_189' title='bbox 1747 1647 1783 1688; x_wconf 85' lang='lat' dir='ltr'>ue</span> 
     </span>
     <span class='ocr_line' id='line_1_17' title="bbox 80 1719 1786 1796; baseline -0.002 -16"><span class='ocrx_word' id='word_1_190' title='bbox 80 1725 165 1780; x_wconf 87' lang='lat' dir='ltr'>datur</span> <span class='ocrx_word' id='word_1_191' title='bbox 177 1739 248 1796; x_wconf 85' lang='lat' dir='ltr'>ergo</span> <span class='ocrx_word' id='word_1_192' title='bbox 263 1722 300 1778; x_wconf 88' lang='lat' dir='ltr'>ad</span> <span class='ocrx_word' id='word_1_193' title='bbox 316 1720 503 1796; x_wconf 86' lang='lat' dir='ltr'>prudentiam</span> <span class='ocrx_word' id='word_1_194' title='bbox 512 1719 905 1794; x_wconf 78' lang='lat' dir='ltr'>fortitudo,utbonumquod</span> <span class='ocrx_word' id='word_1_195' title='bbox 961 1737 1033 1793; x_wconf 88' lang='lat' dir='ltr'>puer</span> <span class='ocrx_word' id='word_1_196' title='bbox 1046 1723 1150 1779; x_wconf 79' lang='lat' dir='ltr'>tenera</span> <span class='ocrx_word' id='word_1_197' title='bbox 1166 1722 1259 1778; x_wconf 78' lang='lat' dir='ltr'>atatis</span> <span class='ocrx_word' id='word_1_198' title='bbox 1273 1739 1339 1778; x_wconf 90' lang='lat' dir='ltr'>cum</span> <span class='ocrx_word' id='word_1_199' title='bbox 1356 1721 1455 1780; x_wconf 88' lang='lat' dir='ltr'>dolore</span> <span class='ocrx_word' id='word_1_200' title='bbox 1465 1721 1786 1780; x_wconf 80' lang='lat' dir='ltr'>mortissallemeontra</span> 
     </span>
     <span class='ocr_line' id='line_1_18' title="bbox 79 1803 1886 1886; baseline -0.002 -17"><span class='ocrx_word' id='word_1_201' title='bbox 79 1811 328 1886; x_wconf 84' lang='lat' dir='ltr'>perprudentiam</span> <span class='ocrx_word' id='word_1_202' title='bbox 340 1807 535 1885; x_wconf 86' lang='lat' dir='ltr'>cognoscitur,</span> <span class='ocrx_word' id='word_1_203' title='bbox 543 1809 696 1884; x_wconf 76' lang='lat' dir='ltr'>promeriti</span> <span class='ocrx_word' id='word_1_204' title='bbox 704 1809 904 1868; x_wconf 83' lang='lat' dir='ltr'>tortitudinem</span> <span class='ocrx_word' id='word_1_205' title='bbox 961 1815 1052 1866; x_wconf 84' lang='lat' dir='ltr'>Deum</span> <span class='ocrx_word' id='word_1_206' title='bbox 1068 1809 1097 1866; x_wconf 90' lang='lat' dir='ltr'>in</span> <span class='ocrx_word' id='word_1_207' title='bbox 1113 1809 1199 1868; x_wconf 88' lang='lat' dir='ltr'>corde</span> <span class='ocrx_word' id='word_1_208' title='bbox 1213 1815 1426 1880; x_wconf 86' lang='lat' dir='ltr'>murmuraret;</span> <span class='ocrx_word' id='word_1_209' title='bbox 1443 1809 1782 1885; x_wconf 71' lang='lat' dir='ltr'>&#39;sedmagnumdolorem</span> <span class='ocrx_word' id='word_1_210' title='bbox 1878 1803 1886 1817; x_wconf 89' lang='lat'><strong><em>‘</em></strong></span> 
     </span>
     <span class='ocr_line' id='line_1_19' title="bbox 79 1897 1783 1974; baseline 0 -18"><span class='ocrx_word' id='word_1_211' title='bbox 79 1897 300 1974; x_wconf 80' lang='lat' dir='ltr'>infatigabiliter</span> <span class='ocrx_word' id='word_1_212' title='bbox 315 1903 457 1968; x_wconf 85' lang='lat' dir='ltr'>teneatur,</span> <span class='ocrx_word' id='word_1_213' title='bbox 475 1897 627 1972; x_wconf 80' lang='lat' dir='ltr'>Scriptura</span> <span class='ocrx_word' id='word_1_214' title='bbox 641 1897 763 1956; x_wconf 85' lang='lat' dir='ltr'>dicente:</span> <span class='ocrx_word' id='word_1_215' title='bbox 782 1920 796 1950; x_wconf 83' lang='lat' dir='ltr'>a</span> <span class='ocrx_word' id='word_1_216' title='bbox 812 1898 907 1956; x_wconf 85' lang='lat' dir='ltr'>Virili·</span> <span class='ocrx_word' id='word_1_217' title='bbox 960 1899 1055 1972; x_wconf 86' lang='lat' dir='ltr'>major</span> <span class='ocrx_word' id='word_1_218' title='bbox 1070 1899 1209 1958; x_wconf 82' lang='lat' dir='ltr'>tortitudo</span> <span class='ocrx_word' id='word_1_219' title='bbox 1226 1897 1427 1958; x_wconf 85' lang='lat' dir='ltr'>vincebat.Sed</span> <span class='ocrx_word' id='word_1_220' title='bbox 1443 1899 1497 1958; x_wconf 89' lang='lat' dir='ltr'>iste</span> <span class='ocrx_word' id='word_1_221' title='bbox 1509 1900 1783 1974; x_wconf 69' lang='lat' dir='ltr'>componderatum</span> 
     </span>
     <span class='ocr_line' id='line_1_20' title="bbox 77 1986 1784 2064; baseline -0.002 -18"><span class='ocrx_word' id='word_1_222' title='bbox 77 1997 120 2046; x_wconf 84' lang='lat' dir='ltr'>ter</span> <span class='ocrx_word' id='word_1_223' title='bbox 135 1989 226 2064; x_wconf 80' lang='lat' dir='ltr'>agite¹</span> <span class='ocrx_word' id='word_1_224' title='bbox 242 1993 270 2044; x_wconf 88' lang='lat' dir='ltr'>et</span> <span class='ocrx_word' id='word_1_225' title='bbox 283 1988 463 2046; x_wconf 80' lang='lat' dir='ltr'>confortetur</span> <span class='ocrx_word' id='word_1_226' title='bbox 478 2004 528 2046; x_wconf 86' lang='lat' dir='ltr'>cor</span> <span class='ocrx_word' id='word_1_227' title='bbox 542 1987 906 2061; x_wconf 86' lang='lat' dir='ltr'>vestrumomuesquispc-</span> <span class='ocrx_word' id='word_1_228' title='bbox 956 1986 1067 2058; x_wconf 88' lang='lat' dir='ltr'>justus,</span> <span class='ocrx_word' id='word_1_229' title='bbox 1083 1991 1144 2043; x_wconf 82' lang='lat' dir='ltr'>tarn</span> <span class='ocrx_word' id='word_1_230' title='bbox 1161 1987 1254 2060; x_wconf 82' lang='lat' dir='ltr'>fortis,</span> <span class='ocrx_word' id='word_1_231' title='bbox 1271 2005 1360 2062; x_wconf 85' lang='lat' dir='ltr'>quam</span> <span class='ocrx_word' id='word_1_232' title='bbox 1375 1987 1784 2062; x_wconf 86' lang='lat' dir='ltr'>discretusettempcratussit</span> 
     </span>
     <span class='ocr_line' id='line_1_21' title="bbox 78 2075 1781 2150; baseline -0.002 -14"><span class='ocrx_word' id='word_1_233' title='bbox 78 2079 148 2136; x_wconf 88' lang='lat' dir='ltr'>ratis</span> <span class='ocrx_word' id='word_1_234' title='bbox 165 2077 196 2134; x_wconf 91' lang='lat' dir='ltr'>in</span> <span class='ocrx_word' id='word_1_235' title='bbox 212 2075 335 2136; x_wconf 86' lang='lat' dir='ltr'>Domino</span> <span class='ocrx_word' id='word_1_236' title='bbox 351 2077 437 2150; x_wconf 81' lang='lat' dir='ltr'>(Psoi.</span> <span class='ocrx_word' id='word_1_237' title='bbox 454 2077 530 2147; x_wconf 83' lang='lat' dir='ltr'>xxx).</span> <span class='ocrx_word' id='word_1_238' title='bbox 550 2100 563 2130; x_wconf 81' lang='lat' dir='ltr'>n</span> <span class='ocrx_word' id='word_1_239' title='bbox 579 2075 667 2134; x_wconf 86' lang='lat' dir='ltr'>Porro</span> <span class='ocrx_word' id='word_1_240' title='bbox 682 2076 821 2133; x_wconf 80' lang='lat' dir='ltr'>tortitudo</span> <span class='ocrx_word' id='word_1_241' title='bbox 835 2080 905 2132; x_wconf 90' lang='lat' dir='ltr'>tuac</span> <span class='ocrx_word' id='word_1_242' title='bbox 960 2075 1225 2148; x_wconf 87' lang='lat' dir='ltr'>aspiciamus.Cum</span> <span class='ocrx_word' id='word_1_243' title='bbox 1240 2077 1319 2134; x_wconf 88' lang='lat' dir='ltr'>enim</span> <span class='ocrx_word' id='word_1_244' title='bbox 1331 2079 1456 2150; x_wconf 86' lang='lat' dir='ltr'>jamjam</span> <span class='ocrx_word' id='word_1_245' title='bbox 1463 2077 1669 2136; x_wconf 86' lang='lat' dir='ltr'>immolaturus</span> <span class='ocrx_word' id='word_1_246' title='bbox 1678 2076 1781 2150; x_wconf 80' lang='lat' dir='ltr'>lilium,</span> 
     </span>
     <span class='ocr_line' id='line_1_22' title="bbox 76 2162 1785 2240; baseline 0 -16"><span class='ocrx_word' id='word_1_247' title='bbox 76 2165 236 2226; x_wconf 85' lang='lat' dir='ltr'>laudabilis</span> <span class='ocrx_word' id='word_1_248' title='bbox 259 2167 325 2234; x_wconf 89' lang='lat' dir='ltr'>erit,</span> <span class='ocrx_word' id='word_1_249' title='bbox 342 2166 367 2222; x_wconf 94' lang='lat' dir='ltr'>si</span> <span class='ocrx_word' id='word_1_250' title='bbox 388 2167 472 2239; x_wconf 87' lang='lat' dir='ltr'>justa</span> <span class='ocrx_word' id='word_1_251' title='bbox 501 2165 602 2222; x_wconf 87' lang='lat' dir='ltr'>inerit:</span> <span class='ocrx_word' id='word_1_252' title='bbox 630 2166 770 2240; x_wconf 91' lang='lat' dir='ltr'>quoniam</span> <span class='ocrx_word' id='word_1_253' title='bbox 795 2165 906 2221; x_wconf 82' lang='lat' dir='ltr'>sortiter</span> <span class='ocrx_word' id='word_1_254' title='bbox 960 2162 1091 2236; x_wconf 80' lang='lat' dir='ltr'>gladium</span> <span class='ocrx_word' id='word_1_255' title='bbox 1107 2166 1293 2238; x_wconf 85' lang='lat' dir='ltr'>evaginatum</span> <span class='ocrx_word' id='word_1_256' title='bbox 1309 2166 1340 2222; x_wconf 94' lang='lat' dir='ltr'>in</span> <span class='ocrx_word' id='word_1_257' title='bbox 1356 2165 1493 2224; x_wconf 88' lang='lat' dir='ltr'>manibus</span> <span class='ocrx_word' id='word_1_258' title='bbox 1509 2170 1628 2234; x_wconf 84' lang='lat' dir='ltr'>teneret,</span> <span class='ocrx_word' id='word_1_259' title='bbox 1643 2164 1785 2224; x_wconf 78' lang='lat' dir='ltr'>audivitt</span> 
     </span>
     <span class='ocr_line' id='line_1_23' title="bbox 77 2251 1783 2331; baseline -0.001 -18"><span class='ocrx_word' id='word_1_260' title='bbox 77 2254 176 2331; x_wconf 62' lang='lat' dir='ltr'>agere,</span> <span class='ocrx_word' id='word_1_261' title='bbox 190 2260 220 2312; x_wconf 84' lang='lat' dir='ltr'>et</span> <span class='ocrx_word' id='word_1_262' title='bbox 233 2253 393 2328; x_wconf 70' lang='lat' dir='ltr'>anajade,</span> <span class='ocrx_word' id='word_1_263' title='bbox 410 2271 467 2312; x_wconf 90' lang='lat' dir='ltr'>noo</span> <span class='ocrx_word' id='word_1_264' title='bbox 484 2253 906 2322; x_wconf 85' lang='lat' dir='ltr'>virtusest,sedvitiurn:multi</span> <span class='ocrx_word' id='word_1_265' title='bbox 960 2251 1099 2310; x_wconf 86' lang='lat' dir='ltr'>Domino:</span> <span class='ocrx_word' id='word_1_266' title='bbox 1116 2277 1129 2303; x_wconf 75' lang='lat' dir='ltr'>a</span> <span class='ocrx_word' id='word_1_267' title='bbox 1147 2254 1186 2310; x_wconf 84' lang='lat' dir='ltr'>Nc</span> <span class='ocrx_word' id='word_1_268' title='bbox 1202 2255 1341 2311; x_wconf 79' lang='lat' dir='ltr'>extendas</span> <span class='ocrx_word' id='word_1_269' title='bbox 1357 2272 1477 2312; x_wconf 87' lang='lat' dir='ltr'>manum</span> <span class='ocrx_word' id='word_1_270' title='bbox 1502 2261 1583 2313; x_wconf 88' lang='lat' dir='ltr'>tuam</span> <span class='ocrx_word' id='word_1_271' title='bbox 1608 2273 1697 2331; x_wconf 81' lang='lat' dir='ltr'>super</span> <span class='ocrx_word' id='word_1_272' title='bbox 1714 2272 1783 2329; x_wconf 83' lang='lat' dir='ltr'>pue·</span> 
     </span>
     <span class='ocr_line' id='line_1_24' title="bbox 75 2341 1784 2420; baseline -0.001 -17"><span class='ocrx_word' id='word_1_273' title='bbox 75 2348 156 2403; x_wconf 87' lang='lat' dir='ltr'>enim</span> <span class='ocrx_word' id='word_1_274' title='bbox 173 2345 289 2412; x_wconf 82' lang='lat' dir='ltr'>lortitcr</span> <span class='ocrx_word' id='word_1_275' title='bbox 302 2349 394 2418; x_wconf 85' lang='lat' dir='ltr'>agunt</span> <span class='ocrx_word' id='word_1_276' title='bbox 408 2343 437 2400; x_wconf 91' lang='lat' dir='ltr'>in</span> <span class='ocrx_word' id='word_1_277' title='bbox 455 2343 574 2420; x_wconf 76' lang='lat' dir='ltr'>pretiis,</span> <span class='ocrx_word' id='word_1_278' title='bbox 590 2343 620 2400; x_wconf 91' lang='lat' dir='ltr'>in</span> <span class='ocrx_word' id='word_1_279' title='bbox 635 2343 856 2412; x_wconf 85' lang='lat' dir='ltr'>luctaminibus,</span> <span class='ocrx_word' id='word_1_280' title='bbox 875 2343 905 2398; x_wconf 94' lang='lat' dir='ltr'>in</span> <span class='ocrx_word' id='word_1_281' title='bbox 961 2358 1037 2408; x_wconf 91' lang='lat' dir='ltr'>ram,</span> <span class='ocrx_word' id='word_1_282' title='bbox 1053 2359 1147 2416; x_wconf 90' lang='lat' dir='ltr'>neque</span> <span class='ocrx_word' id='word_1_283' title='bbox 1162 2343 1252 2400; x_wconf 84' lang='lat' dir='ltr'>lacius</span> <span class='ocrx_word' id='word_1_284' title='bbox 1267 2341 1310 2399; x_wconf 93' lang='lat' dir='ltr'>illi</span> <span class='ocrx_word' id='word_1_285' title='bbox 1325 2345 1497 2418; x_wconf 89' lang='lat' dir='ltr'>quidquam.</span> <span class='ocrx_word' id='word_1_286' title='bbox 1513 2368 1527 2398; x_wconf 90' lang='lat'>»</span> <span class='ocrx_word' id='word_1_287' title='bbox 1543 2343 1784 2404; x_wconf 82' lang='lat' dir='ltr'>Atillediscrctus</span> 
     </span>
     <span class='ocr_line' id='line_1_25' title="bbox 74 2430 1783 2510; baseline -0.001 -18"><span class='ocrx_word' id='word_1_288' title='bbox 74 2435 216 2493; x_wconf 86' lang='lat' dir='ltr'>oneribus</span> <span class='ocrx_word' id='word_1_289' title='bbox 232 2433 394 2510; x_wconf 89' lang='lat' dir='ltr'>portandis,</span> <span class='ocrx_word' id='word_1_290' title='bbox 412 2434 461 2490; x_wconf 90' lang='lat' dir='ltr'>scd</span> <span class='ocrx_word' id='word_1_291' title='bbox 476 2433 545 2506; x_wconf 83' lang='lat' dir='ltr'>quia</span> <span class='ocrx_word' id='word_1_292' title='bbox 559 2433 699 2506; x_wconf 86' lang='lat' dir='ltr'>nonjuste</span> <span class='ocrx_word' id='word_1_293' title='bbox 711 2430 905 2498; x_wconf 83' lang='lat' dir='ltr'>iaciunt,ta1is</span> <span class='ocrx_word' id='word_1_294' title='bbox 928 2477 931 2482; x_wconf 93' lang='lat'>.</span> <span class='ocrx_word' id='word_1_295' title='bbox 959 2435 988 2486; x_wconf 88' lang='lat' dir='ltr'>et</span> <span class='ocrx_word' id='word_1_296' title='bbox 1002 2435 1194 2506; x_wconf 86' lang='lat' dir='ltr'>temperatus,</span> <span class='ocrx_word' id='word_1_297' title='bbox 1210 2431 1287 2489; x_wconf 90' lang='lat' dir='ltr'>sicut</span> <span class='ocrx_word' id='word_1_298' title='bbox 1302 2433 1355 2492; x_wconf 88' lang='lat' dir='ltr'>tuit</span> <span class='ocrx_word' id='word_1_299' title='bbox 1371 2433 1453 2492; x_wconf 85' lang='lat' dir='ltr'>tortis</span> <span class='ocrx_word' id='word_1_300' title='bbox 1471 2433 1502 2490; x_wconf 92' lang='lat' dir='ltr'>ia</span> <span class='ocrx_word' id='word_1_301' title='bbox 1525 2431 1720 2504; x_wconf 74' lang='lat' dir='ltr'>immolando,</span> <span class='ocrx_word' id='word_1_302' title='bbox 1741 2434 1783 2492; x_wconf 85' lang='lat' dir='ltr'>sic</span> 
     </span>
     <span class='ocr_line' id='line_1_26' title="bbox 77 2518 1786 2596; baseline 0 -16"><span class='ocrx_word' id='word_1_303' title='bbox 77 2525 220 2582; x_wconf 83' lang='lat' dir='ltr'>tortitudo</span> <span class='ocrx_word' id='word_1_304' title='bbox 235 2541 293 2580; x_wconf 91' lang='lat' dir='ltr'>noa</span> <span class='ocrx_word' id='word_1_305' title='bbox 308 2522 420 2594; x_wconf 85' lang='lat' dir='ltr'>virtuti,</span> <span class='ocrx_word' id='word_1_306' title='bbox 436 2523 487 2580; x_wconf 84' lang='lat' dir='ltr'>sed</span> <span class='ocrx_word' id='word_1_307' title='bbox 503 2521 571 2582; x_wconf 85' lang='lat' dir='ltr'>vitio</span> <span class='ocrx_word' id='word_1_308' title='bbox 586 2521 755 2596; x_wconf 85' lang='lat' dir='ltr'>deputatur.</span> <span class='ocrx_word' id='word_1_309' title='bbox 775 2523 906 2578; x_wconf 86' lang='lat' dir='ltr'>Addatur</span> <span class='ocrx_word' id='word_1_310' title='bbox 960 2518 1055 2576; x_wconf 87' lang='lat' dir='ltr'>luctus</span> <span class='ocrx_word' id='word_1_311' title='bbox 1069 2523 1113 2576; x_wconf 88' lang='lat' dir='ltr'>est</span> <span class='ocrx_word' id='word_1_312' title='bbox 1128 2525 1307 2594; x_wconf 86' lang='lat' dir='ltr'>temperatus</span> <span class='ocrx_word' id='word_1_313' title='bbox 1323 2523 1568 2596; x_wconf 87' lang='lat' dir='ltr'>inrelinquendo.</span> <span class='ocrx_word' id='word_1_314' title='bbox 1586 2522 1667 2582; x_wconf 85' lang='lat' dir='ltr'>Unde</span> <span class='ocrx_word' id='word_1_315' title='bbox 1685 2523 1786 2580; x_wconf 84' lang='lat' dir='ltr'>divina</span> 
     </span>
     <span class='ocr_line' id='line_1_27' title="bbox 74 2609 1784 2684; baseline -0.002 -14"><span class='ocrx_word' id='word_1_316' title='bbox 74 2619 174 2672; x_wconf 87' lang='lat' dir='ltr'>autem</span> <span class='ocrx_word' id='word_1_317' title='bbox 190 2613 227 2670; x_wconf 90' lang='lat' dir='ltr'>ad</span> <span class='ocrx_word' id='word_1_318' title='bbox 244 2610 445 2672; x_wconf 78' lang='lat' dir='ltr'>tortitudinem</span> <span class='ocrx_word' id='word_1_319' title='bbox 459 2611 587 2684; x_wconf 88' lang='lat' dir='ltr'>justitia,</span> <span class='ocrx_word' id='word_1_320' title='bbox 604 2613 635 2666; x_wconf 89' lang='lat' dir='ltr'>ut</span> <span class='ocrx_word' id='word_1_321' title='bbox 651 2611 728 2684; x_wconf 90' lang='lat' dir='ltr'>quod</span> <span class='ocrx_word' id='word_1_322' title='bbox 746 2611 862 2683; x_wconf 88' lang='lat' dir='ltr'>justum</span> <span class='ocrx_word' id='word_1_323' title='bbox 878 2615 905 2666; x_wconf 87' lang='lat' dir='ltr'>et</span> <span class='ocrx_word' id='word_1_324' title='bbox 960 2624 1027 2664; x_wconf 84' lang='lat' dir='ltr'>voce</span> <span class='ocrx_word' id='word_1_325' title='bbox 1042 2609 1149 2664; x_wconf 89' lang='lat' dir='ltr'>meruit</span> <span class='ocrx_word' id='word_1_326' title='bbox 1158 2609 1312 2679; x_wconf 87' lang='lat' dir='ltr'>consolari,</span> <span class='ocrx_word' id='word_1_327' title='bbox 1325 2627 1392 2668; x_wconf 85' lang='lat' dir='ltr'>oum</span> <span class='ocrx_word' id='word_1_328' title='bbox 1399 2610 1660 2684; x_wconf 85' lang='lat' dir='ltr'>protinusaudivit:</span> <span class='ocrx_word' id='word_1_329' title='bbox 1673 2635 1686 2662; x_wconf 76' lang='lat' dir='ltr'>a</span> <span class='ocrx_word' id='word_1_330' title='bbox 1699 2613 1784 2668; x_wconf 87' lang='lat' dir='ltr'>Nunc</span> 
     </span>
     <span class='ocr_line' id='line_1_28' title="bbox 75 2696 1801 2775; baseline -0.002 -17"><span class='ocrx_word' id='word_1_331' title='bbox 75 2709 189 2762; x_wconf 87' lang='lat' dir='ltr'>rectum</span> <span class='ocrx_word' id='word_1_332' title='bbox 206 2705 261 2775; x_wconf 65' lang='lat' dir='ltr'>est,</span> <span class='ocrx_word' id='word_1_333' title='bbox 277 2705 303 2758; x_wconf 90' lang='lat' dir='ltr'>ct</span> <span class='ocrx_word' id='word_1_334' title='bbox 320 2716 407 2773; x_wconf 89' lang='lat' dir='ltr'>opere</span> <span class='ocrx_word' id='word_1_335' title='bbox 422 2703 563 2768; x_wconf 85' lang='lat' dir='ltr'>servetur,</span> <span class='ocrx_word' id='word_1_336' title='bbox 576 2703 604 2756; x_wconf 91' lang='lat' dir='ltr'>et</span> <span class='ocrx_word' id='word_1_337' title='bbox 615 2698 904 2768; x_wconf 89' lang='lat' dir='ltr'>memoriateneatur,</span> <span class='ocrx_word' id='word_1_338' title='bbox 960 2696 1079 2769; x_wconf 80' lang='lat' dir='ltr'>cognovi</span> <span class='ocrx_word' id='word_1_339' title='bbox 1095 2697 1172 2769; x_wconf 86' lang='lat' dir='ltr'>quod</span> <span class='ocrx_word' id='word_1_340' title='bbox 1190 2698 1294 2754; x_wconf 86' lang='lat' dir='ltr'>timens</span> <span class='ocrx_word' id='word_1_341' title='bbox 1309 2699 1411 2768; x_wconf 91' lang='lat' dir='ltr'>Deum,</span> <span class='ocrx_word' id='word_1_342' title='bbox 1426 2699 1611 2771; x_wconf 89' lang='lat' dir='ltr'>eoquodnon</span> <span class='ocrx_word' id='word_1_343' title='bbox 1619 2699 1784 2775; x_wconf 83' lang='lat' dir='ltr'>peperceris</span> <span class='ocrx_word' id='word_1_344' title='bbox 1798 2729 1801 2736; x_wconf 91' lang='lat'>.</span> 
     </span>
     <span class='ocr_line' id='line_1_29' title="bbox 75 2784 1780 2866; baseline -0.002 -20"><span class='ocrx_word' id='word_1_345' title='bbox 75 2791 227 2866; x_wconf 80' lang='lat' dir='ltr'>Scriptura</span> <span class='ocrx_word' id='word_1_346' title='bbox 242 2795 396 2848; x_wconf 87' lang='lat' dir='ltr'>monente:</span> <span class='ocrx_word' id='word_1_347' title='bbox 415 2811 429 2840; x_wconf 82' lang='lat' dir='ltr'>a</span> <span class='ocrx_word' id='word_1_348' title='bbox 444 2787 560 2863; x_wconf 85' lang='lat' dir='ltr'>Diligite</span> <span class='ocrx_word' id='word_1_349' title='bbox 565 2788 725 2860; x_wconf 88' lang='lat' dir='ltr'>justitiam,</span> <span class='ocrx_word' id='word_1_350' title='bbox 736 2787 785 2861; x_wconf 90' lang='lat' dir='ltr'>qai</span> <span class='ocrx_word' id='word_1_351' title='bbox 789 2787 904 2862; x_wconf 86' lang='lat' dir='ltr'>judica-</span> <span class='ocrx_word' id='word_1_352' title='bbox 960 2784 1234 2860; x_wconf 88' lang='lat' dir='ltr'>tiliotuounigenito</span> <span class='ocrx_word' id='word_1_353' title='bbox 1241 2791 1419 2860; x_wconf 81' lang='lat' dir='ltr'>propleuma.</span> <span class='ocrx_word' id='word_1_354' title='bbox 1428 2786 1780 2844; x_wconf 86' lang='lat' dir='ltr'>Benedicensbenedicam</span> 
     </span>
     <span class='ocr_line' id='line_1_30' title="bbox 77 2865 1794 2954; baseline -0.003 -18"><span class='ocrx_word' id='word_1_355' title='bbox 77 2881 114 2936; x_wconf 84' lang='lat' dir='ltr'>tis</span> <span class='ocrx_word' id='word_1_356' title='bbox 129 2885 237 2938; x_wconf 88' lang='lat' dir='ltr'>terram</span> <span class='ocrx_word' id='word_1_357' title='bbox 254 2880 329 2954; x_wconf 85' lang='lat' dir='ltr'>(Sap.</span> <span class='ocrx_word' id='word_1_358' title='bbox 347 2881 377 2942; x_wconf 85' lang='grc' dir='ltr'>ι).</span> <span class='ocrx_word' id='word_1_359' title='bbox 396 2865 583 2936; x_wconf 69' lang='lat' dir='ltr'>a&#39;l&#39;unecnim</span> <span class='ocrx_word' id='word_1_360' title='bbox 587 2877 704 2950; x_wconf 86' lang='lat' dir='ltr'>justitia</span> <span class='ocrx_word' id='word_1_361' title='bbox 719 2877 777 2934; x_wconf 87' lang='lat' dir='ltr'>Deo</span> <span class='ocrx_word' id='word_1_362' title='bbox 788 2880 906 2950; x_wconf 86' lang='lat' dir='ltr'>accepta</span> <span class='ocrx_word' id='word_1_363' title='bbox 958 2872 1023 2940; x_wconf 89' lang='lat' dir='ltr'>tibi,</span> <span class='ocrx_word' id='word_1_364' title='bbox 1039 2877 1067 2930; x_wconf 90' lang='lat' dir='ltr'>et</span> <span class='ocrx_word' id='word_1_365' title='bbox 1084 2873 1284 2948; x_wconf 90' lang='lat' dir='ltr'>multiplicabo</span> <span class='ocrx_word' id='word_1_366' title='bbox 1300 2891 1400 2932; x_wconf 86' lang='lat' dir='ltr'>semen</span> <span class='ocrx_word' id='word_1_367' title='bbox 1415 2877 1500 2931; x_wconf 88' lang='lat' dir='ltr'>taum</span> <span class='ocrx_word' id='word_1_368' title='bbox 1516 2873 1704 2934; x_wconf 87' lang='lat' dir='ltr'>sicutstellas</span> <span class='ocrx_word' id='word_1_369' title='bbox 1716 2875 1794 2932; x_wconf 64' lang='lat' dir='ltr'>caeliu</span> 
     </span>
     <span class='ocr_line' id='line_1_31' title="bbox 77 2961 1782 3039; baseline -0.001 -16"><span class='ocrx_word' id='word_1_370' title='bbox 77 2973 106 3024; x_wconf 85' lang='lat' dir='ltr'>et</span> <span class='ocrx_word' id='word_1_371' title='bbox 121 2968 217 3026; x_wconf 89' lang='lat' dir='ltr'>dulcis</span> <span class='ocrx_word' id='word_1_372' title='bbox 231 2967 288 3025; x_wconf 89' lang='lat' dir='ltr'>erit</span> <span class='ocrx_word' id='word_1_373' title='bbox 303 2965 484 3036; x_wconf 88' lang='lat' dir='ltr'>hominibus,</span> <span class='ocrx_word' id='word_1_374' title='bbox 502 2967 527 3023; x_wconf 92' lang='lat' dir='ltr'>si</span> <span class='ocrx_word' id='word_1_375' title='bbox 543 2967 669 3024; x_wconf 87' lang='lat' dir='ltr'>discreta</span> <span class='ocrx_word' id='word_1_376' title='bbox 690 2969 719 3022; x_wconf 87' lang='lat' dir='ltr'>et</span> <span class='ocrx_word' id='word_1_377' title='bbox 744 2969 906 3039; x_wconf 85' lang='lat' dir='ltr'>temperata</span> <span class='ocrx_word' id='word_1_378' title='bbox 959 2961 1208 3034; x_wconf 68' lang='lat' dir='ltr'>(emanaturas</span> <span class='ocrx_word' id='word_1_379' title='bbox 1218 2963 1782 3038; x_wconf 78' lang='lat' dir='ltr'>deoperibuslbrabahrevitercomme·</span> 
     </span>
     <span class='ocr_line' id='line_1_32' title="bbox 78 3050 1783 3132; baseline 0 -20"><span class='ocrx_word' id='word_1_380' title='bbox 78 3057 176 3129; x_wconf 84' lang='lat' dir='ltr'>tuerit,</span> <span class='ocrx_word' id='word_1_381' title='bbox 188 3055 903 3132; x_wconf 84' lang='lat' dir='ltr'>quiabonavirtus,quaesinetemperantiaagitur,</span> <span class='ocrx_word' id='word_1_382' title='bbox 959 3067 1074 3108; x_wconf 78' lang='lat' dir='ltr'>onerare</span> <span class='ocrx_word' id='word_1_383' title='bbox 1088 3050 1184 3121; x_wconf 93' lang='lat' dir='ltr'>libuit,</span> <span class='ocrx_word' id='word_1_384' title='bbox 1202 3051 1783 3128; x_wconf 72' lang='lat' dir='ltr'>utintelligamusctnoshasquatuoruir·</span> 
     </span>
     <span class='ocr_line' id='line_1_33' title="bbox 80 3127 1781 3219; baseline 0.001 -21"><span class='ocrx_word' id='word_1_385' title='bbox 80 3145 247 3219; x_wconf 84' lang='lat' dir='ltr'>trequenter</span> <span class='ocrx_word' id='word_1_386' title='bbox 260 3141 291 3204; x_wconf 86' lang='lat' dir='ltr'>in</span> <span class='ocrx_word' id='word_1_387' title='bbox 306 3143 410 3202; x_wconf 87' lang='lat' dir='ltr'>vitium</span> <span class='ocrx_word' id='word_1_388' title='bbox 421 3144 552 3202; x_wconf 79' lang='lat' dir='ltr'>vertitur.</span> <span class='ocrx_word' id='word_1_389' title='bbox 564 3143 903 3216; x_wconf 85' lang='lat' dir='ltr'>Undescripturaadmo·</span> <span class='ocrx_word' id='word_1_390' title='bbox 918 3127 940 3197; x_wconf 78' lang='lat' dir='ltr'>C</span> <span class='ocrx_word' id='word_1_391' title='bbox 959 3143 1037 3198; x_wconf 86' lang='lat' dir='ltr'>tutes</span> <span class='ocrx_word' id='word_1_392' title='bbox 1052 3139 1159 3197; x_wconf 90' lang='lat' dir='ltr'>habere</span> <span class='ocrx_word' id='word_1_393' title='bbox 1174 3158 1269 3215; x_wconf 85' lang='lat' dir='ltr'>posse,</span> <span class='ocrx_word' id='word_1_394' title='bbox 1282 3141 1781 3218; x_wconf 84' lang='lat' dir='ltr'>sicasalleopostulareuonpigeat.</span> 
     </span>
     <span class='ocr_line' id='line_1_34' title="bbox 82 3229 1783 3308; baseline 0.001 -20"><span class='ocrx_word' id='word_1_395' title='bbox 82 3237 148 3290; x_wconf 88' lang='lat' dir='ltr'>net:</span> <span class='ocrx_word' id='word_1_396' title='bbox 166 3235 292 3292; x_wconf 82' lang='lat' dir='ltr'>«Nesis</span> <span class='ocrx_word' id='word_1_397' title='bbox 313 3233 439 3290; x_wconf 87' lang='lat' dir='ltr'>multum</span> <span class='ocrx_word' id='word_1_398' title='bbox 460 3233 572 3306; x_wconf 83' lang='lat' dir='ltr'>justus,</span> <span class='ocrx_word' id='word_1_399' title='bbox 599 3248 692 3306; x_wconf 88' lang='lat' dir='ltr'>neque</span> <span class='ocrx_word' id='word_1_400' title='bbox 717 3232 783 3305; x_wconf 91' lang='lat' dir='ltr'>plus</span> <span class='ocrx_word' id='word_1_401' title='bbox 807 3233 905 3306; x_wconf 89' lang='lat' dir='ltr'>sapias</span> <span class='ocrx_word' id='word_1_402' title='bbox 927 3275 930 3282; x_wconf 69' lang='grc'>,</span> <span class='ocrx_word' id='word_1_403' title='bbox 995 3251 1009 3280; x_wconf 89' lang='lat'>«</span> <span class='ocrx_word' id='word_1_404' title='bbox 1026 3229 1134 3286; x_wconf 87' lang='lat' dir='ltr'>Videas</span> <span class='ocrx_word' id='word_1_405' title='bbox 1151 3235 1249 3288; x_wconf 83' lang='lat' dir='ltr'>autem</span> <span class='ocrx_word' id='word_1_406' title='bbox 1265 3231 1351 3290; x_wconf 85' lang='lat' dir='ltr'>lesus</span> <span class='ocrx_word' id='word_1_407' title='bbox 1367 3231 1454 3289; x_wconf 83' lang='lat' dir='ltr'>fidem</span> <span class='ocrx_word' id='word_1_408' title='bbox 1469 3232 1598 3302; x_wconf 84' lang='lat' dir='ltr'>illorum,</span> <span class='ocrx_word' id='word_1_409' title='bbox 1615 3232 1687 3290; x_wconf 82' lang='lat' dir='ltr'>dixit</span> <span class='ocrx_word' id='word_1_410' title='bbox 1701 3249 1783 3308; x_wconf 82' lang='lat' dir='ltr'>para-</span> 
     </span>
     <span class='ocr_line' id='line_1_35' title="bbox 83 3317 1801 3395; baseline -0.001 -17"><span class='ocrx_word' id='word_1_411' title='bbox 83 3339 170 3394; x_wconf 85' lang='lat' dir='ltr'>quam</span> <span class='ocrx_word' id='word_1_412' title='bbox 190 3339 309 3380; x_wconf 88' lang='lat' dir='ltr'>necesse</span> <span class='ocrx_word' id='word_1_413' title='bbox 330 3325 385 3390; x_wconf 87' lang='lat' dir='ltr'>cst,</span> <span class='ocrx_word' id='word_1_414' title='bbox 410 3339 447 3378; x_wconf 90' lang='lat' dir='ltr'>no</span> <span class='ocrx_word' id='word_1_415' title='bbox 472 3318 666 3394; x_wconf 85' lang='lat' dir='ltr'>obstupescas</span> <span class='ocrx_word' id='word_1_416' title='bbox 689 3322 785 3393; x_wconf 80' lang='lat' dir='ltr'>(Ecclc.</span> <span class='ocrx_word' id='word_1_417' title='bbox 812 3323 872 3393; x_wconf 81' lang='lat' dir='ltr'>vu).</span> <span class='ocrx_word' id='word_1_418' title='bbox 892 3345 906 3373; x_wconf 74' lang='lat' dir='ltr'>a</span> <span class='ocrx_word' id='word_1_419' title='bbox 962 3340 976 3369; x_wconf 81' lang='lat' dir='ltr'>a</span> <span class='ocrx_word' id='word_1_420' title='bbox 992 3317 1092 3392; x_wconf 85' lang='lat' dir='ltr'>lytico:</span> <span class='ocrx_word' id='word_1_421' title='bbox 1110 3317 1238 3392; x_wconf 86' lang='lat' dir='ltr'>Coalide,</span> <span class='ocrx_word' id='word_1_422' title='bbox 1255 3319 1306 3392; x_wconf 84' lang='lat' dir='ltr'>dli,</span> <span class='ocrx_word' id='word_1_423' title='bbox 1324 3321 1801 3395; x_wconf 62' lang='lat' dir='ltr'>rem-ittunturtibipeccatatua.»,</span> 
     </span>
     <span class='ocr_line' id='line_1_36' title="bbox 84 3405 1783 3486; baseline 0.004 -22"><span class='ocrx_word' id='word_1_424' title='bbox 84 3411 213 3468; x_wconf 78' lang='lat' dir='ltr'>Addatar</span> <span class='ocrx_word' id='word_1_425' title='bbox 239 3427 309 3486; x_wconf 85' lang='lat' dir='ltr'>ergo</span> <span class='ocrx_word' id='word_1_426' title='bbox 337 3409 374 3468; x_wconf 91' lang='lat' dir='ltr'>ad</span> <span class='ocrx_word' id='word_1_427' title='bbox 399 3410 549 3482; x_wconf 87' lang='lat' dir='ltr'>justitiam</span> <span class='ocrx_word' id='word_1_428' title='bbox 577 3410 782 3484; x_wconf 89' lang='lat' dir='ltr'>temperantia,</span> <span class='ocrx_word' id='word_1_429' title='bbox 810 3409 838 3467; x_wconf 92' lang='lat' dir='ltr'>id</span> <span class='ocrx_word' id='word_1_430' title='bbox 863 3415 907 3469; x_wconf 89' lang='lat' dir='ltr'>est</span> <span class='ocrx_word' id='word_1_431' title='bbox 961 3406 1012 3462; x_wconf 90' lang='lat' dir='ltr'>llic</span> <span class='ocrx_word' id='word_1_432' title='bbox 1027 3405 1272 3466; x_wconf 88' lang='lat' dir='ltr'>considerandum</span> <span class='ocrx_word' id='word_1_433' title='bbox 1295 3415 1350 3478; x_wconf 90' lang='lat' dir='ltr'>est,</span> <span class='ocrx_word' id='word_1_434' title='bbox 1375 3416 1519 3484; x_wconf 87' lang='lat' dir='ltr'>quantum</span> <span class='ocrx_word' id='word_1_435' title='bbox 1543 3429 1783 3486; x_wconf 85' lang='lat' dir='ltr'>unumquemque</span> 
     </span>
     <span class='ocr_line' id='line_1_37' title="bbox 85 3495 1792 3574; baseline 0.004 -22"><span class='ocrx_word' id='word_1_436' title='bbox 85 3498 226 3568; x_wconf 87' lang='lat' dir='ltr'>discretio,</span> <span class='ocrx_word' id='word_1_437' title='bbox 242 3517 317 3574; x_wconf 81' lang='lat' dir='ltr'>quae,</span> <span class='ocrx_word' id='word_1_438' title='bbox 343 3503 375 3557; x_wconf 93' lang='lat' dir='ltr'>ut</span> <span class='ocrx_word' id='word_1_439' title='bbox 399 3499 440 3556; x_wconf 88' lang='lat' dir='ltr'>ait</span> <span class='ocrx_word' id='word_1_440' title='bbox 465 3499 625 3574; x_wconf 84' lang='lat' dir='ltr'>Scriptura,</span> <span class='ocrx_word' id='word_1_441' title='bbox 653 3505 746 3560; x_wconf 89' lang='lat' dir='ltr'>mater</span> <span class='ocrx_word' id='word_1_442' title='bbox 769 3504 814 3558; x_wconf 91' lang='lat' dir='ltr'>est</span> <span class='ocrx_word' id='word_1_443' title='bbox 841 3517 906 3558; x_wconf 90' lang='lat' dir='ltr'>om·</span> <span class='ocrx_word' id='word_1_444' title='bbox 961 3495 1078 3570; x_wconf 87' lang='lat' dir='ltr'>propria</span> <span class='ocrx_word' id='word_1_445' title='bbox 1093 3495 1165 3553; x_wconf 90' lang='lat' dir='ltr'>tides</span> <span class='ocrx_word' id='word_1_446' title='bbox 1180 3497 1308 3571; x_wconf 83' lang='lat' dir='ltr'>adjuvet,</span> <span class='ocrx_word' id='word_1_447' title='bbox 1325 3498 1375 3556; x_wconf 88' lang='lat' dir='ltr'>abi</span> <span class='ocrx_word' id='word_1_448' title='bbox 1389 3501 1504 3559; x_wconf 88' lang='lat' dir='ltr'>tantum</span> <span class='ocrx_word' id='word_1_449' title='bbox 1524 3499 1669 3573; x_wconf 85' lang='lat' dir='ltr'>proluisse</span> <span class='ocrx_word' id='word_1_450' title='bbox 1691 3500 1792 3560; x_wconf 63' lang='lat' dir='ltr'>sluaa</span> 
     </span>
     <span class='ocr_line' id='line_1_38' title="bbox 88 3585 1787 3664; baseline 0.002 -22"><span class='ocrx_word' id='word_1_451' title='bbox 88 3587 164 3646; x_wconf 86' lang='lat' dir='ltr'>nium</span> <span class='ocrx_word' id='word_1_452' title='bbox 189 3589 341 3658; x_wconf 86' lang='lat' dir='ltr'>virtutum,</span> <span class='ocrx_word' id='word_1_453' title='bbox 372 3587 448 3644; x_wconf 89' lang='lat' dir='ltr'>utin</span> <span class='ocrx_word' id='word_1_454' title='bbox 478 3588 542 3662; x_wconf 88' lang='lat' dir='ltr'>ipso</span> <span class='ocrx_word' id='word_1_455' title='bbox 572 3589 648 3646; x_wconf 92' lang='lat' dir='ltr'>bono</span> <span class='ocrx_word' id='word_1_456' title='bbox 676 3605 763 3664; x_wconf 87' lang='lat' dir='ltr'>opere</span> <span class='ocrx_word' id='word_1_457' title='bbox 792 3589 908 3646; x_wconf 86' lang='lat' dir='ltr'>nonsit</span> <span class='ocrx_word' id='word_1_458' title='bbox 962 3585 1324 3644; x_wconf 88' lang='lat' dir='ltr'>monstratur.Nonenim</span> <span class='ocrx_word' id='word_1_459' title='bbox 1336 3588 1787 3663; x_wconf 70' lang='lat' dir='ltr'>aiteaangaista:videnstcsas</span> 
     </span>
     <span class='ocr_line' id='line_1_39' title="bbox 90 3671 1789 3754; baseline 0.005 -25"><span class='ocrx_word' id='word_1_460' title='bbox 90 3675 189 3750; x_wconf 86' lang='lat' dir='ltr'>aliquis</span> <span class='ocrx_word' id='word_1_461' title='bbox 204 3679 314 3738; x_wconf 84' lang='lat' dir='ltr'>nimius</span> <span class='ocrx_word' id='word_1_462' title='bbox 329 3677 372 3734; x_wconf 83' lang='lat' dir='ltr'>vel</span> <span class='ocrx_word' id='word_1_463' title='bbox 388 3677 565 3752; x_wconf 81' lang='lat' dir='ltr'>superfluus,</span> <span class='ocrx_word' id='word_1_464' title='bbox 583 3679 634 3736; x_wconf 87' lang='lat' dir='ltr'>sed</span> <span class='ocrx_word' id='word_1_465' title='bbox 649 3678 907 3738; x_wconf 84' lang='lat' dir='ltr'>discretusettem-</span> <span class='ocrx_word' id='word_1_466' title='bbox 963 3673 1050 3730; x_wconf 87' lang='lat' dir='ltr'>fidem</span> <span class='ocrx_word' id='word_1_467' title='bbox 1066 3671 1146 3730; x_wconf 89' lang='lat' dir='ltr'>illius</span> <span class='ocrx_word' id='word_1_468' title='bbox 1162 3673 1212 3748; x_wconf 89' lang='lat' dir='ltr'>qai</span> <span class='ocrx_word' id='word_1_469' title='bbox 1228 3676 1414 3746; x_wconf 83' lang='lat' dir='ltr'>offerebatur,</span> <span class='ocrx_word' id='word_1_470' title='bbox 1430 3680 1481 3735; x_wconf 92' lang='lat' dir='ltr'>sed</span> <span class='ocrx_word' id='word_1_471' title='bbox 1491 3677 1675 3754; x_wconf 38' lang='lat' dir='ltr'>illarnquui</span> <span class='ocrx_word' id='word_1_472' title='bbox 1686 3681 1789 3738; x_wconf 77' lang='lat' dir='ltr'>ottere-</span> 
     </span>
     <span class='ocr_line' id='line_1_40' title="bbox 92 3762 1789 3844; baseline 0.005 -26"><span class='ocrx_word' id='word_1_473' title='bbox 92 3770 215 3834; x_wconf 83' lang='lat' dir='ltr'>peratus:</span> <span class='ocrx_word' id='word_1_474' title='bbox 227 3765 297 3840; x_wconf 90' lang='lat' dir='ltr'>quia</span> <span class='ocrx_word' id='word_1_475' title='bbox 312 3766 479 3840; x_wconf 81' lang='lat' dir='ltr'>frequenter</span> <span class='ocrx_word' id='word_1_476' title='bbox 502 3767 606 3837; x_wconf 88' lang='lat' dir='ltr'>virtus,</span> <span class='ocrx_word' id='word_1_477' title='bbox 632 3783 696 3842; x_wconf 76' lang='lat' dir='ltr'>quae</span> <span class='ocrx_word' id='word_1_478' title='bbox 720 3767 784 3824; x_wconf 89' lang='lat' dir='ltr'>sine</span> <span class='ocrx_word' id='word_1_479' title='bbox 809 3767 907 3824; x_wconf 86' lang='lat' dir='ltr'>ohser—</span> <span class='ocrx_word' id='word_1_480' title='bbox 963 3762 1044 3819; x_wconf 86' lang='lat' dir='ltr'>bant.</span> <span class='ocrx_word' id='word_1_481' title='bbox 1061 3762 1242 3836; x_wconf 70' lang='lat' dir='ltr'>Paralyticus</span> <span class='ocrx_word' id='word_1_482' title='bbox 1257 3766 1336 3822; x_wconf 90' lang='lat' dir='ltr'>enim</span> <span class='ocrx_word' id='word_1_483' title='bbox 1353 3767 1423 3840; x_wconf 89' lang='lat' dir='ltr'>qaia</span> <span class='ocrx_word' id='word_1_484' title='bbox 1437 3784 1489 3841; x_wconf 88' lang='lat' dir='ltr'>per</span> <span class='ocrx_word' id='word_1_485' title='bbox 1505 3769 1648 3826; x_wconf 75' lang='lat' dir='ltr'>cnvenire</span> <span class='ocrx_word' id='word_1_486' title='bbox 1664 3787 1722 3828; x_wconf 91' lang='lat' dir='ltr'>nou</span> <span class='ocrx_word' id='word_1_487' title='bbox 1737 3786 1789 3844; x_wconf 84' lang='lat' dir='ltr'>pa·</span> 
     </span>
     <span class='ocr_line' id='line_1_41' title="bbox 92 3851 1788 3932; baseline 0.006 -28"><span class='ocrx_word' id='word_1_488' title='bbox 92 3853 196 3912; x_wconf 77' lang='lat' dir='ltr'>tatione</span> <span class='ocrx_word' id='word_1_489' title='bbox 214 3857 322 3932; x_wconf 85' lang='lat' dir='ltr'>agitur,</span> <span class='ocrx_word' id='word_1_490' title='bbox 339 3856 369 3911; x_wconf 91' lang='lat' dir='ltr'>in</span> <span class='ocrx_word' id='word_1_491' title='bbox 383 3855 487 3916; x_wconf 84' lang='lat' dir='ltr'>vitium</span> <span class='ocrx_word' id='word_1_492' title='bbox 502 3855 689 3913; x_wconf 89' lang='lat' dir='ltr'>convertitur.</span> <span class='ocrx_word' id='word_1_493' title='bbox 712 3857 747 3914; x_wconf 75' lang='lat' dir='ltr'>Et</span> <span class='ocrx_word' id='word_1_494' title='bbox 771 3857 841 3930; x_wconf 87' lang='lat' dir='ltr'>quia</span> <span class='ocrx_word' id='word_1_495' title='bbox 856 3855 909 3912; x_wconf 88' lang='lat' dir='ltr'>has</span> <span class='ocrx_word' id='word_1_496' title='bbox 962 3851 1788 3929; x_wconf 84' lang='lat' dir='ltr'>terat,alienismanibusdeportatur,alienalidesanatur.</span> 
     </span>
     <span class='ocr_line' id='line_1_42' title="bbox 93 3939 1789 4018; baseline 0.003 -19"><span class='ocrx_word' id='word_1_497' title='bbox 93 3947 208 4010; x_wconf 87' lang='lat' dir='ltr'>quatuor</span> <span class='ocrx_word' id='word_1_498' title='bbox 222 3945 345 4004; x_wconf 84' lang='lat' dir='ltr'>virtutes</span> <span class='ocrx_word' id='word_1_499' title='bbox 360 3943 467 4002; x_wconf 88' lang='lat' dir='ltr'>habere</span> <span class='ocrx_word' id='word_1_500' title='bbox 484 3944 578 4012; x_wconf 91' lang='lat' dir='ltr'>debet,</span> <span class='ocrx_word' id='word_1_501' title='bbox 595 3943 644 4017; x_wconf 90' lang='lat' dir='ltr'>qui</span> <span class='ocrx_word' id='word_1_502' title='bbox 655 3944 909 4002; x_wconf 85' lang='lat' dir='ltr'>suamacalterius</span> <span class='ocrx_word' id='word_1_503' title='bbox 963 3939 1046 3996; x_wconf 89' lang='lat' dir='ltr'>Unde</span> <span class='ocrx_word' id='word_1_504' title='bbox 1061 3939 1223 4015; x_wconf 85' lang='lat' dir='ltr'>intelligere</span> <span class='ocrx_word' id='word_1_505' title='bbox 1242 3959 1402 4016; x_wconf 87' lang='lat' dir='ltr'>possumus</span> <span class='ocrx_word' id='word_1_506' title='bbox 1425 3945 1496 4018; x_wconf 90' lang='lat' dir='ltr'>quia</span> <span class='ocrx_word' id='word_1_507' title='bbox 1518 3949 1587 4004; x_wconf 90' lang='lat' dir='ltr'>sunt</span> <span class='ocrx_word' id='word_1_508' title='bbox 1610 3946 1744 4005; x_wconf 86' lang='lat' dir='ltr'>nonnulli</span> <span class='ocrx_word' id='word_1_509' title='bbox 1755 3948 1789 4004; x_wconf 83' lang='lat' dir='ltr'>ia</span> 
     </span>
     <span class='ocr_line' id='line_1_43' title="bbox 96 4027 1789 4109; baseline 0.003 -23"><span class='ocrx_word' id='word_1_510' title='bbox 96 4032 212 4096; x_wconf 84' lang='lat' dir='ltr'>animam</span> <span class='ocrx_word' id='word_1_511' title='bbox 227 4033 286 4092; x_wconf 85' lang='lat' dir='ltr'>Deo</span> <span class='ocrx_word' id='word_1_512' title='bbox 298 4033 400 4092; x_wconf 85' lang='lat' dir='ltr'>oll&#39;erre</span> <span class='ocrx_word' id='word_1_513' title='bbox 415 4031 488 4102; x_wconf 85' lang='lat' dir='ltr'>vult,</span> <span class='ocrx_word' id='word_1_514' title='bbox 505 4037 582 4090; x_wconf 88' lang='lat' dir='ltr'>reete</span> <span class='ocrx_word' id='word_1_515' title='bbox 597 4033 638 4102; x_wconf 87' lang='lat' dir='ltr'>hi,</span> <span class='ocrx_word' id='word_1_516' title='bbox 649 4034 700 4108; x_wconf 90' lang='lat' dir='ltr'>qui</span> <span class='ocrx_word' id='word_1_517' title='bbox 715 4033 909 4109; x_wconf 75' lang='lat' dir='ltr'>paralyticum</span> <span class='ocrx_word' id='word_1_518' title='bbox 964 4027 1102 4097; x_wconf 77' lang='lat' dir='ltr'>Ecclesia,</span> <span class='ocrx_word' id='word_1_519' title='bbox 1119 4029 1169 4102; x_wconf 87' lang='lat' dir='ltr'>qui</span> <span class='ocrx_word' id='word_1_520' title='bbox 1185 4029 1239 4086; x_wconf 90' lang='lat' dir='ltr'>etsi</span> <span class='ocrx_word' id='word_1_521' title='bbox 1255 4031 1317 4088; x_wconf 91' lang='lat' dir='ltr'>suis</span> <span class='ocrx_word' id='word_1_522' title='bbox 1329 4031 1442 4090; x_wconf 89' lang='lat' dir='ltr'>moritis</span> <span class='ocrx_word' id='word_1_523' title='bbox 1457 4033 1789 4103; x_wconf 86' lang='lat' dir='ltr'>noasalvantur,tamen</span> 
     </span>
     <span class='ocr_line' id='line_1_44' title="bbox 98 4117 1787 4195; baseline 0.003 -20"><span class='ocrx_word' id='word_1_524' title='bbox 98 4119 257 4180; x_wconf 50' lang='lat' dir='ltr'>&amp;minuati</span> <span class='ocrx_word' id='word_1_525' title='bbox 273 4122 439 4180; x_wconf 89' lang='lat' dir='ltr'>sanandum</span> <span class='ocrx_word' id='word_1_526' title='bbox 460 4121 640 4192; x_wconf 87' lang='lat' dir='ltr'>obtulerunt,</span> <span class='ocrx_word' id='word_1_527' title='bbox 667 4125 794 4195; x_wconf 90' lang='lat' dir='ltr'>quatuor</span> <span class='ocrx_word' id='word_1_528' title='bbox 818 4121 910 4180; x_wconf 83' lang='lat' dir='ltr'>fuisse</span> <span class='ocrx_word' id='word_1_529' title='bbox 964 4117 1089 4174; x_wconf 88' lang='lat' dir='ltr'>aliorum</span> <span class='ocrx_word' id='word_1_530' title='bbox 1104 4117 1310 4176; x_wconf 87' lang='lat' dir='ltr'>intercessione</span> <span class='ocrx_word' id='word_1_531' title='bbox 1335 4121 1441 4178; x_wconf 86' lang='lat' dir='ltr'>salvari</span> <span class='ocrx_word' id='word_1_532' title='bbox 1466 4127 1625 4180; x_wconf 87' lang='lat' dir='ltr'>merentur.</span> <span class='ocrx_word' id='word_1_533' title='bbox 1652 4122 1705 4179; x_wconf 90' lang='lat' dir='ltr'>Ubi</span> <span class='ocrx_word' id='word_1_534' title='bbox 1730 4139 1787 4180; x_wconf 91' lang='lat' dir='ltr'>noa</span> 
     </span>
     <span class='ocr_line' id='line_1_45' title="bbox 98 4206 1788 4285; baseline 0.004 -23"><span class='ocrx_word' id='word_1_535' title='bbox 98 4215 249 4270; x_wconf 85' lang='lat' dir='ltr'>narrantur.</span> <span class='ocrx_word' id='word_1_536' title='bbox 266 4211 323 4268; x_wconf 90' lang='lat' dir='ltr'>Sed</span> <span class='ocrx_word' id='word_1_537' title='bbox 339 4227 374 4268; x_wconf 88' lang='lat' dir='ltr'>ne</span> <span class='ocrx_word' id='word_1_538' title='bbox 397 4211 536 4284; x_wconf 89' lang='lat' dir='ltr'>cuiquam</span> <span class='ocrx_word' id='word_1_539' title='bbox 559 4210 743 4285; x_wconf 90' lang='lat' dir='ltr'>impossibile</span> <span class='ocrx_word' id='word_1_540' title='bbox 767 4210 910 4281; x_wconf 87' lang='lat' dir='ltr'>videatur,</span> <span class='ocrx_word' id='word_1_541' title='bbox 965 4206 1061 4264; x_wconf 88' lang='lat' dir='ltr'>solum</span> <span class='ocrx_word' id='word_1_542' title='bbox 1078 4207 1192 4264; x_wconf 88' lang='lat' dir='ltr'>Domini</span> <span class='ocrx_word' id='word_1_543' title='bbox 1208 4207 1359 4266; x_wconf 89' lang='lat' dir='ltr'>adoranda</span> <span class='ocrx_word' id='word_1_544' title='bbox 1383 4210 1513 4282; x_wconf 89' lang='lat' dir='ltr'>potentia</span> <span class='ocrx_word' id='word_1_545' title='bbox 1537 4209 1711 4279; x_wconf 82' lang='lat' dir='ltr'>ostenditur,</span> <span class='ocrx_word' id='word_1_546' title='bbox 1737 4211 1788 4268; x_wconf 89' lang='lat' dir='ltr'>sed</span> 
     </span>
     <span class='ocr_line' id='line_1_46' title="bbox 98 4295 1793 4374; baseline 0.004 -23"><span class='ocrx_word' id='word_1_547' title='bbox 98 4307 178 4356; x_wconf 86' lang='lat' dir='ltr'>unam</span> <span class='ocrx_word' id='word_1_548' title='bbox 192 4300 387 4374; x_wconf 88' lang='lat' dir='ltr'>eumdemque</span> <span class='ocrx_word' id='word_1_549' title='bbox 402 4299 553 4358; x_wconf 88' lang='lat' dir='ltr'>hominem</span> <span class='ocrx_word' id='word_1_550' title='bbox 569 4298 622 4356; x_wconf 88' lang='lat' dir='ltr'>has</span> <span class='ocrx_word' id='word_1_551' title='bbox 638 4302 765 4373; x_wconf 89' lang='lat' dir='ltr'>quatuor</span> <span class='ocrx_word' id='word_1_552' title='bbox 788 4300 911 4358; x_wconf 88' lang='lat' dir='ltr'>virtutes</span> <span class='ocrx_word' id='word_1_553' title='bbox 966 4295 1793 4372; x_wconf 71' lang='lat' dir='ltr'>ejushumilitasvenerandamqueproviribusimitanda</span> 
     </span>
     <span class='ocr_line' id='line_1_47' title="bbox 99 4381 1791 4463; baseline 0.003 -21"><span class='ocrx_word' id='word_1_554' title='bbox 99 4381 176 4444; x_wconf 77' lang='lat' dir='ltr'>aiant</span> <span class='ocrx_word' id='word_1_555' title='bbox 190 4387 296 4446; x_wconf 88' lang='lat' dir='ltr'>habere</span> <span class='ocrx_word' id='word_1_556' title='bbox 311 4403 408 4462; x_wconf 87' lang='lat' dir='ltr'>posse,</span> <span class='ocrx_word' id='word_1_557' title='bbox 424 4403 459 4444; x_wconf 86' lang='lat' dir='ltr'>ex</span> <span class='ocrx_word' id='word_1_558' title='bbox 473 4386 575 4444; x_wconf 89' lang='lat' dir='ltr'>multis</span> <span class='ocrx_word' id='word_1_559' title='bbox 591 4387 642 4462; x_wconf 86' lang='lat' dir='ltr'>qai</span> <span class='ocrx_word' id='word_1_560' title='bbox 658 4405 707 4446; x_wconf 88' lang='lat' dir='ltr'>eas</span> <span class='ocrx_word' id='word_1_561' title='bbox 723 4393 751 4446; x_wconf 90' lang='lat' dir='ltr'>et</span> <span class='ocrx_word' id='word_1_562' title='bbox 762 4405 913 4463; x_wconf 88' lang='lat' dir='ltr'>opereser-</span> <span class='ocrx_word' id='word_1_563' title='bbox 967 4385 1141 4443; x_wconf 88' lang='lat' dir='ltr'>declaratur.</span> <span class='ocrx_word' id='word_1_564' title='bbox 1157 4385 1282 4444; x_wconf 85' lang='lat' dir='ltr'>Multum</span> <span class='ocrx_word' id='word_1_565' title='bbox 1299 4403 1424 4460; x_wconf 85' lang='lat' dir='ltr'>namque</span> <span class='ocrx_word' id='word_1_566' title='bbox 1435 4387 1609 4446; x_wconf 87' lang='lat' dir='ltr'>distatinter</span> <span class='ocrx_word' id='word_1_567' title='bbox 1622 4389 1791 4462; x_wconf 82' lang='lat' dir='ltr'>superbiam</span> 
     </span>
     <span class='ocr_line' id='line_1_48' title="bbox 96 4475 1791 4568; baseline 0.004 -40"><span class='ocrx_word' id='word_1_568' title='bbox 96 4481 233 4548; x_wconf 73' lang='lat' dir='ltr'>naverunt,</span> <span class='ocrx_word' id='word_1_569' title='bbox 249 4479 279 4535; x_wconf 88' lang='lat' dir='ltr'>et</span> <span class='ocrx_word' id='word_1_570' title='bbox 293 4493 428 4534; x_wconf 86' lang='lat' dir='ltr'>sermone</span> <span class='ocrx_word' id='word_1_571' title='bbox 443 4477 605 4534; x_wconf 90' lang='lat' dir='ltr'>docuerunt</span> <span class='ocrx_word' id='word_1_572' title='bbox 620 4494 712 4534; x_wconf 87' lang='lat' dir='ltr'>unum</span> <span class='ocrx_word' id='word_1_573' title='bbox 732 4477 761 4534; x_wconf 91' lang='lat' dir='ltr'>ia</span> <span class='ocrx_word' id='word_1_574' title='bbox 781 4477 910 4536; x_wconf 88' lang='lat' dir='ltr'>medium</span> <span class='ocrx_word' id='word_1_575' title='bbox 929 4475 1135 4568; x_wconf 70' lang='lat' dir='ltr'>Dludaeorum</span> <span class='ocrx_word' id='word_1_576' title='bbox 1151 4480 1180 4533; x_wconf 90' lang='lat' dir='ltr'>et</span> <span class='ocrx_word' id='word_1_577' title='bbox 1196 4475 1311 4532; x_wconf 76' lang='lat' dir='ltr'>bomini</span> <span class='ocrx_word' id='word_1_578' title='bbox 1327 4476 1697 4536; x_wconf 81' lang='lat' dir='ltr'>humilitatemlnfirmu‘m</span> <span class='ocrx_word' id='word_1_579' title='bbox 1712 4478 1791 4536; x_wconf 88' lang='lat' dir='ltr'>enim</span> 
     </span>
     <span class='ocr_line' id='line_1_49' title="bbox 94 4553 1792 4642; baseline 0.004 -22"><span class='ocrx_word' id='word_1_580' title='bbox 94 4553 158 4620; x_wconf 84' lang='lat' dir='ltr'>libet</span> <span class='ocrx_word' id='word_1_581' title='bbox 167 4566 319 4634; x_wconf 86' lang='lat' dir='ltr'>deducere,</span> <span class='ocrx_word' id='word_1_582' title='bbox 334 4565 468 4623; x_wconf 82' lang='lat' dir='ltr'>videlicet</span> <span class='ocrx_word' id='word_1_583' title='bbox 482 4553 618 4622; x_wconf 86' lang='lat' dir='ltr'>sanctum</span> <span class='ocrx_word' id='word_1_584' title='bbox 630 4565 777 4624; x_wconf 82' lang='lat' dir='ltr'>Abraham</span> <span class='ocrx_word' id='word_1_585' title='bbox 791 4567 912 4640; x_wconf 92' lang='lat' dir='ltr'>patriar·</span> <span class='ocrx_word' id='word_1_586' title='bbox 968 4570 996 4622; x_wconf 88' lang='lat' dir='ltr'>et</span> <span class='ocrx_word' id='word_1_587' title='bbox 1011 4564 1081 4624; x_wconf 92' lang='lat' dir='ltr'>totis</span> <span class='ocrx_word' id='word_1_588' title='bbox 1096 4567 1296 4623; x_wconf 87' lang='lat' dir='ltr'>membrorum</span> <span class='ocrx_word' id='word_1_589' title='bbox 1307 4567 1498 4642; x_wconf 86' lang='lat' dir='ltr'>compagibus</span> <span class='ocrx_word' id='word_1_590' title='bbox 1509 4566 1792 4642; x_wconf 87' lang='lat' dir='ltr'>dissolutum,quem</span> 
     </span>
     <span class='ocr_line' id='line_1_50' title="bbox 94 4645 1792 4733; baseline 0.004 -26"><span class='ocrx_word' id='word_1_591' title='bbox 94 4645 182 4710; x_wconf 78' lang='lat' dir='ltr'>eham.</span> <span class='ocrx_word' id='word_1_592' title='bbox 198 4657 263 4729; x_wconf 88' lang='lat' dir='ltr'>Ipse</span> <span class='ocrx_word' id='word_1_593' title='bbox 278 4672 346 4713; x_wconf 85' lang='lat' dir='ltr'>vero</span> <span class='ocrx_word' id='word_1_594' title='bbox 362 4654 549 4728; x_wconf 87' lang='lat' dir='ltr'>prudentiam</span> <span class='ocrx_word' id='word_1_595' title='bbox 566 4653 680 4724; x_wconf 89' lang='lat' dir='ltr'>babuit,</span> <span class='ocrx_word' id='word_1_596' title='bbox 697 4655 753 4733; x_wconf 43' lang='lat' dir='ltr'>qui·</span> <span class='ocrx_word' id='word_1_597' title='bbox 770 4656 882 4712; x_wconf 76' lang='lat' dir='ltr'>ceteris</span> <span class='ocrx_word' id='word_1_598' title='bbox 898 4675 915 4712; x_wconf 90' lang='lat' dir='ltr'>a</span> <span class='ocrx_word' id='word_1_599' title='bbox 968 4653 1071 4711; x_wconf 79' lang='lat' dir='ltr'>Scriba</span> <span class='ocrx_word' id='word_1_600' title='bbox 1087 4658 1116 4711; x_wconf 90' lang='lat' dir='ltr'>et</span> <span class='ocrx_word' id='word_1_601' title='bbox 1129 4653 1267 4716; x_wconf 80' lang='lat' dir='ltr'>Pharisaei</span> <span class='ocrx_word' id='word_1_602' title='bbox 1283 4672 1341 4712; x_wconf 91' lang='lat' dir='ltr'>non</span> <span class='ocrx_word' id='word_1_603' title='bbox 1357 4656 1452 4713; x_wconf 83' lang='lat' dir='ltr'>solum</span> <span class='ocrx_word' id='word_1_604' title='bbox 1478 4661 1607 4731; x_wconf 84' lang='lat' dir='ltr'>tangere,</span> <span class='ocrx_word' id='word_1_605' title='bbox 1630 4657 1680 4716; x_wconf 86' lang='lat' dir='ltr'>scd</span> <span class='ocrx_word' id='word_1_606' title='bbox 1690 4689 1692 4695; x_wconf 94' lang='lat'>·</span> <span class='ocrx_word' id='word_1_607' title='bbox 1704 4657 1792 4716; x_wconf 88' lang='lat' dir='ltr'>&#39;etiam</span> 
     </span>
     <span class='ocr_line' id='line_1_51' title="bbox 92 4738 1793 4823; baseline 0.005 -29"><span class='ocrx_word' id='word_1_608' title='bbox 92 4738 201 4802; x_wconf 73' lang='lat' dir='ltr'>cultura</span> <span class='ocrx_word' id='word_1_609' title='bbox 214 4743 266 4802; x_wconf 87' lang='lat' dir='ltr'>Dei</span> <span class='ocrx_word' id='word_1_610' title='bbox 281 4744 496 4812; x_wconf 80' lang='lat' dir='ltr'>aberrantibus,</span> <span class='ocrx_word' id='word_1_611' title='bbox 522 4747 682 4801; x_wconf 89' lang='lat' dir='ltr'>creatorem</span> <span class='ocrx_word' id='word_1_612' title='bbox 709 4761 797 4800; x_wconf 87' lang='lat' dir='ltr'>suum</span> <span class='ocrx_word' id='word_1_613' title='bbox 824 4750 914 4801; x_wconf 85' lang='lat' dir='ltr'>Deum</span> <span class='ocrx_word' id='word_1_614' title='bbox 968 4743 1016 4800; x_wconf 82' lang='lat' dir='ltr'>uix</span> <span class='ocrx_word' id='word_1_615' title='bbox 1032 4745 1193 4816; x_wconf 88' lang='lat' dir='ltr'>respiscere</span> <span class='ocrx_word' id='word_1_616' title='bbox 1208 4741 1417 4823; x_wconf 74' lang='lat' dir='ltr'>dignabantur,</span> <span class='ocrx_word' id='word_1_617' title='bbox 1430 4745 1639 4804; x_wconf 86' lang='lat' dir='ltr'>Dominusaoa</span> <span class='ocrx_word' id='word_1_618' title='bbox 1650 4746 1746 4804; x_wconf 91' lang='lat' dir='ltr'>solum</span> <span class='ocrx_word' id='word_1_619' title='bbox 1756 4746 1793 4803; x_wconf 89' lang='lat' dir='ltr'>ab</span> 
     </span>
     <span class='ocr_line' id='line_1_52' title="bbox 89 4831 1793 4907; baseline 0.003 -22"><span class='ocrx_word' id='word_1_620' title='bbox 89 4831 209 4888; x_wconf 67' lang='lat' dir='ltr'>tradidit</span> <span class='ocrx_word' id='word_1_621' title='bbox 223 4837 252 4889; x_wconf 90' lang='lat' dir='ltr'>et</span> <span class='ocrx_word' id='word_1_622' title='bbox 268 4831 418 4905; x_wconf 88' lang='lat' dir='ltr'>coguovit:</span> <span class='ocrx_word' id='word_1_623' title='bbox 435 4833 505 4906; x_wconf 85' lang='lat' dir='ltr'>quia</span> <span class='ocrx_word' id='word_1_624' title='bbox 520 4833 597 4888; x_wconf 92' lang='lat' dir='ltr'>sicut</span> <span class='ocrx_word' id='word_1_625' title='bbox 615 4832 759 4904; x_wconf 82' lang='lat' dir='ltr'>insipiens</span> <span class='ocrx_word' id='word_1_626' title='bbox 784 4837 838 4902; x_wconf 89' lang='lat' dir='ltr'>est,</span> <span class='ocrx_word' id='word_1_627' title='bbox 865 4835 916 4907; x_wconf 88' lang='lat' dir='ltr'>qui</span> <span class='ocrx_word' id='word_1_628' title='bbox 970 4831 1142 4890; x_wconf 88' lang='lat' dir='ltr'>intirmitate</span> <span class='ocrx_word' id='word_1_629' title='bbox 1157 4835 1277 4902; x_wconf 80' lang='lat' dir='ltr'>curarit,</span> <span class='ocrx_word' id='word_1_630' title='bbox 1294 4834 1540 4892; x_wconf 85' lang='lat' dir='ltr'>sedetiamfilium</span> <span class='ocrx_word' id='word_1_631' title='bbox 1554 4834 1793 4907; x_wconf 86' lang='lat' dir='ltr'>vocavit,dicens:</span> 
     </span>
     <span class='ocr_line' id='line_1_53' title="bbox 84 4903 1794 4997; baseline 0.005 -25"><span class='ocrx_word' id='word_1_632' title='bbox 84 4903 102 4958; x_wconf 73' lang='lat' dir='ltr'>d</span> <span class='ocrx_word' id='word_1_633' title='bbox 109 4911 162 4974; x_wconf 80' lang='lat' dir='ltr'>icit</span> <span class='ocrx_word' id='word_1_634' title='bbox 174 4921 203 4976; x_wconf 90' lang='lat' dir='ltr'>in</span> <span class='ocrx_word' id='word_1_635' title='bbox 220 4922 309 4978; x_wconf 90' lang='lat' dir='ltr'>corde</span> <span class='ocrx_word' id='word_1_636' title='bbox 323 4937 392 4977; x_wconf 89' lang='lat' dir='ltr'>suo:</span> <span class='ocrx_word' id='word_1_637' title='bbox 408 4943 422 4972; x_wconf 79' lang='lat' dir='ltr'>a</span> <span class='ocrx_word' id='word_1_638' title='bbox 439 4921 501 4977; x_wconf 91' lang='lat' dir='ltr'>Non</span> <span class='ocrx_word' id='word_1_639' title='bbox 518 4923 563 4978; x_wconf 88' lang='lat' dir='ltr'>est</span> <span class='ocrx_word' id='word_1_640' title='bbox 577 4921 654 4976; x_wconf 88' lang='lat' dir='ltr'>Deus</span> <span class='ocrx_word' id='word_1_641' title='bbox 670 4921 755 4990; x_wconf 83' lang='lat' dir='ltr'>(Paul.</span> <span class='ocrx_word' id='word_1_642' title='bbox 772 4923 845 4994; x_wconf 70' lang='lat' dir='ltr'>nard:</span> <span class='ocrx_word' id='word_1_643' title='bbox 856 4945 865 4972; x_wconf 84' lang='grc' dir='ltr'>ι</span> <span class='ocrx_word' id='word_1_644' title='bbox 876 4922 917 4979; x_wconf 90' lang='lat' dir='ltr'>sic</span> <span class='ocrx_word' id='word_1_645' title='bbox 972 4943 986 4972; x_wconf 76' lang='lat' dir='ltr'>a</span> <span class='ocrx_word' id='word_1_646' title='bbox 1003 4922 1132 4989; x_wconf 82' lang='lat' dir='ltr'>Confide,</span> <span class='ocrx_word' id='word_1_647' title='bbox 1149 4921 1200 4978; x_wconf 90' lang='lat' dir='ltr'>lili.</span> <span class='ocrx_word' id='word_1_648' title='bbox 1217 4945 1231 4973; x_wconf 91' lang='lat'>»</span> <span class='ocrx_word' id='word_1_649' title='bbox 1248 4923 1334 4980; x_wconf 84' lang='lat' dir='ltr'>Fides</span> <span class='ocrx_word' id='word_1_650' title='bbox 1349 4941 1464 4997; x_wconf 88' lang='lat' dir='ltr'>quoquc</span> <span class='ocrx_word' id='word_1_651' title='bbox 1487 4923 1625 4997; x_wconf 87' lang='lat' dir='ltr'>operibus</span> <span class='ocrx_word' id='word_1_652' title='bbox 1645 4927 1794 4994; x_wconf 81' lang='lat' dir='ltr'>exornata,</span> 
     </span>
     <span class='ocr_line' id='line_1_54' title="bbox 77 5005 1825 5086; baseline 0.004 -23"><span class='ocrx_word' id='word_1_653' title='bbox 77 5005 215 5066; x_wconf 69' lang='lat' dir='ltr'>Prudens</span> <span class='ocrx_word' id='word_1_654' title='bbox 230 5009 281 5084; x_wconf 90' lang='lat' dir='ltr'>qui</span> <span class='ocrx_word' id='word_1_655' title='bbox 295 5009 447 5085; x_wconf 89' lang='lat' dir='ltr'>cognoscit</span> <span class='ocrx_word' id='word_1_656' title='bbox 461 5008 796 5067; x_wconf 86' lang='lat' dir='ltr'>Deum.Addiditautem</span> <span class='ocrx_word' id='word_1_657' title='bbox 807 5012 841 5066; x_wconf 91' lang='lat' dir='ltr'>ad</span> <span class='ocrx_word' id='word_1_658' title='bbox 851 5028 918 5084; x_wconf 91' lang='lat' dir='ltr'>pru·</span> <span class='ocrx_word' id='word_1_659' title='bbox 973 5015 1134 5085; x_wconf 84' lang='lat' dir='ltr'>magnaest</span> <span class='ocrx_word' id='word_1_660' title='bbox 1148 5013 1251 5082; x_wconf 81' lang='lat' dir='ltr'>virtus,</span> <span class='ocrx_word' id='word_1_661' title='bbox 1259 5013 1335 5070; x_wconf 88' lang='lat' dir='ltr'>sient</span> <span class='ocrx_word' id='word_1_662' title='bbox 1343 5009 1681 5086; x_wconf 86' lang='lat' dir='ltr'>aitlaaobnsapostolus:</span> <span class='ocrx_word' id='word_1_663' title='bbox 1689 5035 1702 5064; x_wconf 82' lang='lat' dir='ltr'>a</span> <span class='ocrx_word' id='word_1_664' title='bbox 1711 5013 1796 5070; x_wconf 80' lang='lat' dir='ltr'>Fides</span> <span class='ocrx_word' id='word_1_665' title='bbox 1821 5015 1825 5024; x_wconf 87' lang='lat'>&#39;</span> 
     </span>
     <span class='ocr_line' id='line_1_55' title="bbox 74 5077 1798 5174; baseline 0.005 -22"><span class='ocrx_word' id='word_1_666' title='bbox 74 5077 388 5172; x_wconf 62' lang='lat' dir='ltr'>desumpserim,</span> <span class='ocrx_word' id='word_1_667' title='bbox 410 5100 509 5172; x_wconf 89' lang='lat' dir='ltr'>quand</span> <span class='ocrx_word' id='word_1_668' title='bbox 524 5099 614 5156; x_wconf 87' lang='lat' dir='ltr'>allius</span> <span class='ocrx_word' id='word_1_669' title='bbox 640 5098 803 5172; x_wconf 82' lang='lat' dir='ltr'>praecptis,</span> <span class='ocrx_word' id='word_1_670' title='bbox 829 5116 916 5174; x_wconf 86' lang='lat' dir='ltr'>quem</span> <span class='ocrx_word' id='word_1_671' title='bbox 971 5100 1035 5156; x_wconf 89' lang='lat' dir='ltr'>sine</span> <span class='ocrx_word' id='word_1_672' title='bbox 1050 5101 1188 5173; x_wconf 89' lang='lat' dir='ltr'>operibus</span> <span class='ocrx_word' id='word_1_673' title='bbox 1203 5107 1318 5158; x_wconf 89' lang='lat' dir='ltr'>mortua</span> <span class='ocrx_word' id='word_1_674' title='bbox 1332 5105 1451 5172; x_wconf 68' lang='lat' dir='ltr'>estttac.</span> <span class='ocrx_word' id='word_1_675' title='bbox 1466 5104 1508 5172; x_wconf 85' lang='grc' dir='ltr'>ιι),</span> <span class='ocrx_word' id='word_1_676' title='bbox 1526 5123 1540 5154; x_wconf 88' lang='lat'>»</span> <span class='ocrx_word' id='word_1_677' title='bbox 1554 5103 1798 5162; x_wconf 81' lang='lat' dir='ltr'>etasinetideim·</span> 
     </span>
     <span class='ocr_line' id='line_1_56' title="bbox 66 5161 1796 5264; baseline 0.006 -23"><span class='ocrx_word' id='word_1_678' title='bbox 66 5161 181 5244; x_wconf 55' lang='lat' dir='ltr'>Deum</span> <span class='ocrx_word' id='word_1_679' title='bbox 196 5188 341 5264; x_wconf 86' lang='lat' dir='ltr'>cognovit.</span> <span class='ocrx_word' id='word_1_680' title='bbox 358 5187 469 5260; x_wconf 84' lang='lat' dir='ltr'>absque</span> <span class='ocrx_word' id='word_1_681' title='bbox 485 5185 546 5244; x_wconf 88' lang='lat' dir='ltr'>ulla</span> <span class='ocrx_word' id='word_1_682' title='bbox 562 5201 644 5243; x_wconf 86' lang='lat' dir='ltr'>mora</span> <span class='ocrx_word' id='word_1_683' title='bbox 659 5185 798 5256; x_wconf 84' lang='lat' dir='ltr'>obedivit,</span> <span class='ocrx_word' id='word_1_684' title='bbox 818 5189 917 5246; x_wconf 87' lang='lat' dir='ltr'>exiens</span> <span class='ocrx_word' id='word_1_685' title='bbox 972 5187 1112 5262; x_wconf 87' lang='lat' dir='ltr'>possibile</span> <span class='ocrx_word' id='word_1_686' title='bbox 1126 5193 1170 5246; x_wconf 87' lang='lat' dir='ltr'>est</span> <span class='ocrx_word' id='word_1_687' title='bbox 1184 5189 1300 5264; x_wconf 85' lang='lat' dir='ltr'>placere</span> <span class='ocrx_word' id='word_1_688' title='bbox 1315 5196 1369 5248; x_wconf 85' lang='lat' dir='ltr'>Deo</span> <span class='ocrx_word' id='word_1_689' title='bbox 1387 5191 1477 5264; x_wconf 70' lang='lat' dir='ltr'>(Hebe.</span> <span class='ocrx_word' id='word_1_690' title='bbox 1492 5195 1543 5262; x_wconf 77' lang='lat' dir='ltr'>ur).</span> <span class='ocrx_word' id='word_1_691' title='bbox 1560 5214 1574 5244; x_wconf 80' lang='lat' dir='ltr'>n</span> <span class='ocrx_word' id='word_1_692' title='bbox 1586 5193 1679 5258; x_wconf 86' lang='lat' dir='ltr'>Quam</span> <span class='ocrx_word' id='word_1_693' title='bbox 1700 5195 1796 5250; x_wconf 83' lang='lat' dir='ltr'>Douri-</span> 
     </span>
     <span class='ocr_line' id='line_1_57' title="bbox 60 5249 1799 5352; baseline 0.006 -21"><span class='ocrx_word' id='word_1_694' title='bbox 60 5249 130 5352; x_wconf 50' lang='lat' dir='ltr'>‘lffl</span> <span class='ocrx_word' id='word_1_695' title='bbox 143 5282 217 5334; x_wconf 84' lang='lat' dir='ltr'>terra</span> <span class='ocrx_word' id='word_1_696' title='bbox 230 5293 294 5346; x_wconf 88' lang='lat' dir='ltr'>sua,</span> <span class='ocrx_word' id='word_1_697' title='bbox 311 5276 570 5350; x_wconf 89' lang='lat' dir='ltr'>etdccogaatione,</span> <span class='ocrx_word' id='word_1_698' title='bbox 581 5277 650 5332; x_wconf 86' lang='lat' dir='ltr'>etde</span> <span class='ocrx_word' id='word_1_699' title='bbox 661 5276 846 5348; x_wconf 87' lang='lat' dir='ltr'>domopatris</span> <span class='ocrx_word' id='word_1_700' title='bbox 859 5277 918 5337; x_wconf 90' lang='lat' dir='ltr'>sui.</span> <span class='ocrx_word' id='word_1_701' title='bbox 973 5295 1029 5334; x_wconf 88' lang='lat' dir='ltr'>aas</span> <span class='ocrx_word' id='word_1_702' title='bbox 1040 5276 1193 5352; x_wconf 88' lang='lat' dir='ltr'>discipulis</span> <span class='ocrx_word' id='word_1_703' title='bbox 1203 5281 1413 5338; x_wconf 87' lang='lat' dir='ltr'>commendans</span> <span class='ocrx_word' id='word_1_704' title='bbox 1426 5281 1799 5342; x_wconf 80' lang='lat' dir='ltr'>ait.«sihabueritiss1dern</span> 
     </span>
     <span class='ocr_line' id='line_1_58' title="bbox 120 5365 1800 5446; baseline 0.006 -26"><span class='ocrx_word' id='word_1_705' title='bbox 120 5365 170 5422; x_wconf 88' lang='lat' dir='ltr'>nde</span> <span class='ocrx_word' id='word_1_706' title='bbox 185 5366 338 5439; x_wconf 84' lang='lat' dir='ltr'>Scriptura</span> <span class='ocrx_word' id='word_1_707' title='bbox 363 5365 427 5438; x_wconf 89' lang='lat' dir='ltr'>ipsa</span> <span class='ocrx_word' id='word_1_708' title='bbox 452 5365 587 5438; x_wconf 87' lang='lat' dir='ltr'>protinus</span> <span class='ocrx_word' id='word_1_709' title='bbox 612 5365 775 5437; x_wconf 76' lang='lat' dir='ltr'>sabJ&#39;unxit,</span> <span class='ocrx_word' id='word_1_710' title='bbox 800 5366 916 5424; x_wconf 89' lang='lat' dir='ltr'>dicens:</span> <span class='ocrx_word' id='word_1_711' title='bbox 973 5367 1049 5424; x_wconf 90' lang='lat' dir='ltr'>sicut</span> <span class='ocrx_word' id='word_1_712' title='bbox 1064 5385 1188 5442; x_wconf 84' lang='lat' dir='ltr'>granum</span> <span class='ocrx_word' id='word_1_713' title='bbox 1205 5368 1316 5443; x_wconf 87' lang='lat' dir='ltr'>sinapis</span> <span class='ocrx_word' id='word_1_714' title='bbox 1327 5369 1489 5446; x_wconf 65' lang='lat' dir='ltr'>(lacman).</span> <span class='ocrx_word' id='word_1_715' title='bbox 1506 5393 1521 5424; x_wconf 75' lang='lat' dir='ltr'>a</span> <span class='ocrx_word' id='word_1_716' title='bbox 1536 5372 1800 5446; x_wconf 79' lang='lat' dir='ltr'>Etpulchraltlium</span> 
     </span>
     <span class='ocr_line' id='line_1_59' title="bbox 39 5441 1800 5534; baseline 0.002 -20"><span class='ocrx_word' id='word_1_717' title='bbox 39 5441 58 5514; x_wconf 78' lang='lat'>.“</span> <span class='ocrx_word' id='word_1_718' title='bbox 123 5453 252 5514; x_wconf 77' lang='lat' dir='ltr'>Credidit</span> <span class='ocrx_word' id='word_1_719' title='bbox 270 5453 417 5511; x_wconf 77' lang='lat' dir='ltr'>Abrabam</span> <span class='ocrx_word' id='word_1_720' title='bbox 433 5459 499 5526; x_wconf 83' lang='lat' dir='ltr'>Deo,</span> <span class='ocrx_word' id='word_1_721' title='bbox 526 5457 554 5512; x_wconf 86' lang='lat' dir='ltr'>et</span> <span class='ocrx_word' id='word_1_722' title='bbox 577 5457 746 5529; x_wconf 87' lang='lat' dir='ltr'>reputatum</span> <span class='ocrx_word' id='word_1_723' title='bbox 763 5454 865 5512; x_wconf 84' lang='lat' dir='ltr'>astilit</span> <span class='ocrx_word' id='word_1_724' title='bbox 881 5457 918 5514; x_wconf 88' lang='lat' dir='ltr'>ad</span> <span class='ocrx_word' id='word_1_725' title='bbox 973 5455 1685 5534; x_wconf 85' lang='lat' dir='ltr'>ap&#39;pellatquemapeccatisliberavit;nimiram</span> <span class='ocrx_word' id='word_1_726' title='bbox 1701 5467 1732 5520; x_wconf 89' lang='lat' dir='ltr'>ut</span> <span class='ocrx_word' id='word_1_727' title='bbox 1748 5461 1800 5534; x_wconf 90' lang='lat' dir='ltr'>qui</span> 
     </span>
     <span class='ocr_line' id='line_1_60' title="bbox 30 5519 1798 5634; baseline 0.005 -32"><span class='ocrx_word' id='word_1_728' title='bbox 30 5519 233 5603; x_wconf 47' lang='lat' dir='ltr'>Raetiam</span> <span class='ocrx_word' id='word_1_729' title='bbox 250 5544 327 5620; x_wconf 80' lang='lat' dir='ltr'>(Gcn‘.</span> <span class='ocrx_word' id='word_1_730' title='bbox 343 5541 400 5610; x_wconf 81' lang='lat' dir='ltr'>nul.</span> <span class='ocrx_word' id='word_1_731' title='bbox 418 5567 433 5598; x_wconf 78' lang='lat' dir='ltr'>a</span> <span class='ocrx_word' id='word_1_732' title='bbox 446 5543 501 5603; x_wconf 86' lang='lat' dir='ltr'>Sed</span> <span class='ocrx_word' id='word_1_733' title='bbox 524 5543 579 5603; x_wconf 81' lang='lat' dir='ltr'>iste</span> <span class='ocrx_word' id='word_1_734' title='bbox 602 5547 662 5604; x_wconf 87' lang='lat' dir='ltr'>tam</span> <span class='ocrx_word' id='word_1_735' title='bbox 690 5543 830 5620; x_wconf 87' lang='lat' dir='ltr'>prudens,</span> <span class='ocrx_word' id='word_1_736' title='bbox 857 5549 918 5607; x_wconf 90' lang='lat' dir='ltr'>tam</span> <span class='ocrx_word' id='word_1_737' title='bbox 974 5547 1143 5608; x_wconf 85' lang='lat' dir='ltr'>aotaluerat</span> <span class='ocrx_word' id='word_1_738' title='bbox 1158 5546 1236 5607; x_wconf 79' lang='lat' dir='ltr'>iilius</span> <span class='ocrx_word' id='word_1_739' title='bbox 1252 5547 1368 5610; x_wconf 81' lang='lat' dir='ltr'>malitia</span> <span class='ocrx_word' id='word_1_740' title='bbox 1380 5550 1798 5634; x_wconf 66' lang='lat' dir='ltr'>etnequitisetfiliusdiobolla</span> 
     </span>
    </p>
   </div>
   <div class='ocr_carea' id='block_1_3' title="bbox 250 5671 1637 5748">
    <p class='ocr_par' dir='ltr' id='par_1_3' title="bbox 250 5671 1637 5748">
     <span class='ocr_line' id='line_1_61' title="bbox 250 5671 1637 5748; baseline -0.007 -11"><span class='ocrx_word' id='word_1_741' title='bbox 250 5671 385 5738; x_wconf 73' lang='lat' dir='ltr'>Pauuot.</span> <span class='ocrx_word' id='word_1_742' title='bbox 409 5671 539 5737; x_wconf 81' lang='lat' dir='ltr'>Cllllill.</span> <span class='ocrx_word' id='word_1_743' title='bbox 1598 5683 1637 5748; x_wconf 76' lang='lat'>23</span> 
     </span>
    </p>
   </div>
   <div class='ocr_carea' id='block_1_4' title="bbox 0 0 1998 6180">
    <p class='ocr_par' dir='ltr' id='par_1_4' title="bbox 0 0 1998 6180">
     <span class='ocr_line' id='line_1_62' title="bbox 0 0 1998 6180; baseline 0 0"><span class='ocrx_word' id='word_1_744' title='bbox 0 0 1998 6180; x_wconf 95' lang='lat' dir='ltr'> </span> 
     </span>
    </p>
   </div>
  </div>
 </body>
</html>
