4034 6180
151 345 214 412 ete
628 351 680 418 ou
701 353 926 424 vualterum
946 357 1163 428 tineosum
1185 395 1225 410 -
1245 363 1320 429 tm.
1342 358 1382 430 11.
1631 363 1633 368 ’
1795 373 1857 442 stt

149 479 409 544 momorderunt
422 483 528 559 (Ephes.
546 489 595 558 tv).
612 485 686 544 ilino
700 488 838 547 Salomon
853 491 911 549 sit:
926 493 1020 562 ιιι-Α
1335 497 1451 557 CAPUT
1473 499 1554 560 xtv.

148 573 443 632 eenmteerioordiom
458 583 485 632 et
493 576 633 648 juditium
646 580 735 652 mepte
752 580 841 652 placet
862 581 977 640 Domino
1338 589 1547 649 Deotedientz'o.

149 678 236 738 φιαιιι
249 665 370 720 victime
384 665 474 734 (Pron.
491 668 561 736 xxi).
584 666 657 723 ilino
672 683 724 740 per
746 670 903 740 quemdam
928 687 977 726 sa·
1067 675 1239 733 obedientia
1253 681 1298 734 est
1311 677 1358 734 vis
1372 685 1474 736 saneta
1488 699 1551 755 que
1567 687 1723 744 sectatores
1731 704 1800 747 suos
1816 691 1853 748 ed

149 754 281 828 pientem
309 751 431 810 dieitur:
461 755 520 828 Qui
546 757 616 826 [orit
641 757 868 824 misericordiam,
897 757 979 834 offert
1031 763 1177 822 ooelestem
1191 767 1324 839 perducit
1338 768 1853 843 petriem;porhanoviamDominus

148 844 319 916 sacrifitium
335 843 430 916 (Eruli.
444 844 539 917 xxxv).
1031 857 1131 910 noster
1144 855 1494 931 JesusChristuspropter
1504 866 1853 937 nosetpropternoetrem

445 967 560 1028 CAPUT
582 969 680 1038 XLIII,
1031 940 1155 1000 salutem
1173 944 1324 1034 qmbulare
1339 946 1545 1020 dignatusest,
1562 949 1855 1024 dequoPeulusdieit

548 1028 551 1034 '
1031 1032 1201 1105 Apostolus:
1232 1037 1332 1091 Foetes
1346 1039 1387 1092 est
1415 1036 1539 1094 Christus
1567 1040 1694 1098 obediens
1722 1062 1807 1119 osque
1821 1049 1856 1108 od

1030 1128 1154 1190 mortem,
1167 1129 1281 1178 mortem
1305 1128 1500 1182 outemerueie
1520 1127 1606 1196 (Phil.
1637 1130 1679 1202 ιι),
1705 1131 1758 1189 Per
1780 1133 1856 1194 hone

178 1201 239 1258 Per
253 1197 443 1274 hmngelium
456 1215 584 1274 nemque
599 1219 687 1259 suum
702 1203 840 1260 admonet
858 1208 975 1262 aosDo·
1029 1208 1792 1292 Abrahampatriarohaeureurrit,eumadimperium
1801 1224 1856 1281 Do-

148 1290 251 1348 minus
265 1288 379 1346 dioens:
409 1287 509 1346 Omnis
533 1307 701 1364 quantoque
719 1293 803 1350 vultis
818 1301 849 1348 at
869 1295 976 1366 sociam
1030 1297 1855 1372 minidileetumiiliumtedimmolandumduxit.Perheno

146 1381 224 1436 soh&
238 1379 372 1446 homines,
389 1379 430 1434 ito
442 1386 470 1435 et
482 1381 528 1436 vos
541 1381 625 1452 soeite
636 1381 711 1438 tilis:
726 1381 785 1440 ieaec
798 1389 837 1439 est
851 1382 976 1438 enimieoe
1030 1385 1153 1459 apostoli
1169 1389 1261 1444 saneti
1280 1389 1383 1446 Petrus
1403 1394 1432 1447 et
1454 1393 1585 1450 Andreas
1610 1396 1647 1452 ed
1671 1398 1853 1457 vocationem

147 1473 177 1526 et
187 1469 324 1542 prophete
340 1467 442 1540 illottl.
458 1467 520 1539 vu).
537 1469 619 1536 Quod
634 1469 685 1526 tihi
703 1470 833 1526 decidere
849 1487 906 1527 non
920 1470 974 1542 vie,
1028 1473 1156 1544 Domini,
1172 1475 1279 1533 reliotis
1295 1478 1416 1547 retibus,
1429 1480 1521 1536 seeuti
1537 1486 1606 1538 sunt
1616 1499 1693 1541 eum.
1711 1485 1764 1544 Per
1778 1488 1854 1548 haue

136 1571 204 1614 vneo
217 1555 350 1629 proximo
363 1559 416 1612 tuo
429 1556 531 1628 oupiss
545 1556 668 1614 evenire.
684 1558 811 1615 Gondole
826 1559 856 1615 ia
873 1556 975 1616 alienis
1028 1562 1106 1619 viam
1123 1564 1275 1622 Matthaeus
1292 1571 1410 1623 seoutus
1424 1572 1469 1624 est
1483 1567 1651 1641 Dominum,
1668 1573 1767 1633 relicta
1781 1578 1853 1636 telo·

147 1644 378 1713 aeternitatibus,
395 1644 502 1701 satiare
517 1644 644 1714 iletihus,
656 1645 687 1703 in
701 1645 804 1705 alienis
812 1647 973 1716 laboribus,
1029 1650 1113 1708 naioo
1127 1652 1218 1710 luero.
1235 1655 1289 1710 Per
1302 1654 1377 1712 hono
1393 1657 1469 1713 viam
1486 1663 1854 1740 sanctemomnespetrisr-

146 1734 179 1792 in
194 1732 382 1790 tribulatione
396 1731 529 1803 ulterius,
546 1738 574 1791 et
586 1739 694 1792 tuesto
707 1735 809 1792 tristis.
822 1735 974 1794 Taliseeto
1029 1739 1099 1809 ohe,
1117 1741 1274 1814 prophete,
1291 1745 1425 1818 apostoli,
1441 1751 1595 1822 martyres,
1606 1753 1760 1827 ceterique
1770 1755 1854 1816 electi

146 1823 217 1881 eliis
230 1821 334 1896 quoles
345 1823 431 1896 optes
444 1837 509 1880 esee
523 1821 601 1880 eirea
623 1829 652 1880 te
674 1823 757 1882 alios.
769 1827 851 1892 Quod
862 1842 920 1881 noa
930 1825 974 1881 vis
1030 1836 1201 1886 meruerunt
1215 1832 1364 1904 parvenire
1378 1836 1414 1891 ad
1429 1835 1532 1893 Deum.
1547 1839 1626 1897 Lieet
1639 1844 1854 1903 erotasitetan-

146 1913 209 1988 peti
224 1927 282 1968 nou
298 1911 398 1980 ineius,
415 1925 467 1968 nee
480 1911 588 1968 inieras
608 1911 665 1969 ulio
690 1911 778 1980 mela,
794 1931 830 1970 ne
852 1912 975 1988 petieris
1029 1921 1118 1991 gusta
1128 1919 1185 1988 vis,
1201 1923 1300 1978 temen
1315 1923 1440 1980 viatores
1465 1942 1535 1982 suos
1550 1929 1587 1984 ad
1603 1934 1772 2002 perpetuum
1788 1952 1853 2008 per-

146 1999 267 2062 similis.
282 1999 326 2056 lte
340 1997 468 2056 elemeus
484 2002 546 2057 esto
562 1999 590 2056 in
603 1999 707 2057 alienis
723 2000 837 2058 delictis
852 2001 929 2058 siout
944 2000 973 2057 in
1030 2007 1114 2064 duxit
1140 2009 1242 2077 vitem,
1272 2010 1388 2068 dicente
1412 2012 1552 2070 Domino:
1583 2016 1664 2074 Arcto
1690 2028 1715 2076 et
1737 2031 1854 2092 anguste

441 1087 479 1148 oe
492 1089 687 1160 eempmeione.

143 2090 219 2159 tuis,
233 2093 268 2146 ut
282 2103 335 2145 nee
350 2087 434 2145 aliter
449 2093 487 2159 te,
505 2105 557 2146 nee
569 2087 655 2146 aliter
669 2089 741 2146 alios
756 2105 872 2165 penses.
888 2091 922 2147 lit
933 2091 975 2147 sio
1029 2104 1068 2153 est
1082 2099 1128 2152 oio
1143 2114 1203 2171 quoe
1225 2098 1300 2155 ducit
1321 2101 1356 2156 od
1379 2103 1465 2158 ritem
1489 2104 1579 2178 (liare.
1605 2107 1665 2180 vn).
1689 2109 1752 2166 Nou
1776 2111 1855 2169 euim
1969 2145 1972 2153 ,

146 2175 336 2252 aiioejudies
350 2181 384 2235 ut
394 2177 523 2250 jerdiaeri
533 2178 626 2250 eupis.
637 2179 667 2234 ln
676 2175 865 2236 tribulatione
871 2179 975 2253 positis
1030 2185 1138 2243 durum
1154 2187 1208 2242 tihi
1224 2192 1252 2243 et
1266 2205 1404 2263 asperum
1418 2192 1728 2262 videatur‚oumeudis
1743 2204 1854 2257 erotem

145 2267 303 2326 subvenire
317 2283 376 2324 nou
390 2282 498 2334 sesses,
526 2266 672 2324 dolentem
697 2267 853 2338 eousolsri,
878 2285 915 2325 ne
931 2267 975 2324 di·
1030 2278 1059 2331 et
1074 2276 1855 2362 angustumviamesseohedientiam,sedmagisgsude

146 2358 262 2415 mittas.
1030 2369 1148 2438 propter
1162 2364 1217 2422 hoa
1232 2367 1311 2440 quod
1327 2368 1531 2443 subsequitur:
1544 2389 1608 2445 qum
1624 2373 1854 2437 duoitsdvitam.

447 2489 562 2554 CAPUT
582 2489 677 2546 XLIV·
1030 2452 1061 2508 ei
1075 2451 1153 2510 euim
1169 2454 1304 2512 homines
1318 2459 1436 2532 propter
1450 2460 1527 2533 regis
1539 2461 1704 2532 jussionem
1711 2451 1856 2524 auteliou·

585 2607 590 2620 ι
1026 2542 1077 2614 jus
1093 2543 1220 2614 potentis
1234 2543 1373 2614 hominis,
1387 2546 1536 2604 inexteras
1542 2550 1686 2621 regiones,
1695 2555 1817 2610 etetiam
1823 2556 1854 2614 in

469 2607 507 2663 ⁰2
519 2609 654 2664 mitiali-
1029 2630 1227 2688 transmarine
1239 2637 1267 2689 et
1282 2633 1445 2706 peregrina,
1463 2638 1491 2690 et
1506 2637 1626 2693 omnino
1641 2639 1799 2713 incognita,
1825 2648 1854 2701 et

183 2722 310 2796 Gestitss
325 2721 403 2779 enim
420 2721 533 2778 iruetus
547 2721 647 2779 suavis
659 2725 713 2790 est,
730 2721 918 2795 pulchritudo
934 2723 977 2779 in·
1029 2718 1112 2776 valde
1126 2719 1289 2793 periculose
1303 2721 1376 2790 looa,
1392 2726 1511 2795 propter
1519 2722 1852 2800 aliquodtemporsielu-

145 2811 254 2871 violata
269 2813 439 2869 sanctorum
454 2810 975 2890 castitas,securitasmentis,sanitos
1029 2823 1112 2866 crum
1128 2810 1217 2882 (quod
1233 2826 1299 2866 cum
1314 2809 1473 2867 habuerint
1488 2811 1587 2868 sittim
1602 2812 1853 2893 illisstbsit‘thipo·

146 2901 290 2975 eorporis.
306 2897 974 2975 Nisienimuausquisqaeeustasperseverave·
1029 2897 1854 2980 test),intantumobedientesexistuntutetiamperinun-

147 2991 198 3060 rit,
209 2991 422 3063 adperpetusm
430 2989 560 3062 requiem
568 2988 727 3062 pervenire,
740 2992 767 3046 et
778 2989 869 3046 Deum
877 2988 975 3048 videre
1029 3001 1125 3042 meras
1141 2986 1273 3060 regiones
1283 2988 1852 3065 timidas,perdiffieulifliesiflrrarums

146 3097 208 3137 non
222 3077 329 3153 poterit
342 3081 467 3134 testante
491 3076 581 3134 Paulo
596 3076 741 3152 apostolo:
766 3080 864 3134 Pacem
886 3087 974 3136 secm—
1029 3091 1199 3149 perrepere
1214 3080 1242 3133 et
1256 3077 1329 3133 dura
1343 3077 1457 3147 itinera,
1472 3080 1855 3160 perperieuioseneuiragia

145 3171 221 3228 mini
238 3183 300 3224 cem
313 3165 437 3224 omnibus
452 3171 479 3223 et
501 3168 720 3237 sanctimoniam,
744 3169 872 3241 sineque
896 3184 974 3224 nemo
1029 3165 1197 3237 fluminum,
1213 3183 1264 3237 por
1277 3166 1699 3244 terribilesundasiluetusque
1712 3174 1852 3242 marinos,

145 3259 251 3317 ridebit
264 3241 456 3326 heomtlletr.
471 3255 533 3328 ιιι).
550 3254 602 3312 llio
616 3271 733 3328 quoque
748 3255 895 3314 evidenter
910 3255 974 3312 siue
989 3238 1010 3306 C
1028 3253 1104 3311 inter
1118 3253 1238 3312 hostiles
1254 3254 1378 3328 gladios,
1394 3257 1470 3313 inter
1481 3257 1854 3332 latronuminsidias‚inter

147 3344 346 3405 senetimonia
359 3345 429 3419 (qua
443 3342 516 3401 solet
529 3343 727 3416 iutegritetem
741 3344 849 3401 mentis
861 3343 905 3400 voi
920 3361 974 3418 pu·
1028 3342 1215 3400 inimieorum
1230 3344 1379 3412 incursus,
1394 3344 1556 3402 voluntarie
1570 3348 1854 3409 etalaoriterdisour·

52 3463 58 3476 ·
145 3423 267 3494 ritatem
283 3432 411 3511 eorporis
422 3432 579 3508 oppetiere)
593 3433 976 3506 pronuntiavitileumpeni·
1030 3435 1108 3502 runt,
1125 3437 1153 3489 et
1167 3432 1228 3490 hmo
1243 3433 1342 3490 omnis
1357 3433 1514 3504 sustinent,
1529 3436 1654 3494 dimisse
1673 3430 1792 3512 propria
1807 3457 1851 3498 re·

145 3519 196 3582 tus
210 3522 302 3580 sideri
318 3539 376 3579 uon
391 3539 487 3596 poseo.
512 3521 660 3591 (Cassiod.)
677 3521 747 3578 iliae
772 3538 825 3595 per
839 3522 975 3579 eumdem
1029 3521 1124 3594 glane,
1140 3521 1272 3580 dimissis
1284 3523 1466 3595 perentibus,
1483 3529 1574 3598 petre,
1587 3527 1853 3602 mutretretribus,

147 3612 316 3688 apostolum
331 3611 453 3668 dieitur:
470 3616 540 3670 Hoee
553 3619 593 3668 est
604 3611 731 3668 volentos
747 3613 798 3668 Dei
819 3613 977 3684 sanetifica—
1031 3610 1190 3680 sororibus,
1220 3612 1404 3685 propinquis,
1429 3612 1582 3684 uxoribus,
1607 3614 1687 3685 tiliis,
1704 3617 1854 3688 domibus,

145 3689 188 3762 tio
201 3706 303 3769 aestro,
317 3709 349 3759 at
376 3702 537 3772 abstineatis
565 3717 610 3758 aas
624 3718 642 3758 o
654 3702 845 3774 fornicatione,
867 3709 897 3758 ut
910 3703 979 3758 sciat
1015 3699 1360 3774 ,mancipiisouneteque
1375 3701 1550 3769 substantie,
1562 3704 1859 3780 quoslioetplangant

147 3779 338 3865 enusquisque
350 3797 468 3848 vestirem
481 3807 528 3846 aas
542 3807 624 3846 suum
636 3790 773 3863 possidere
787 3792 818 3846 ιἰι
838 3790 940 3846 honore
952 3798 978 3847 et
1031 3787 1129 3856 simiai,
1147 3789 1267 3863 lugeant
1280 3793 1427 3862 parentes,
1444 3790 1559 3863 plorent
1573 3790 1636 3861 iiiii,
1649 3794 1859 3854 contristentur

148 3876 379 3953 modificatione,
394 3895 450 3935 non
465 3880 495 3935 io
509 3879 634 3952 passione
648 3878 788 3946 desiderii,
803 3879 978 3950 sieutetpen-
1032 3877 1190 3950 mancipia,
1206 3877 1369 3934 uesaieates
1383 3881 1483 3934 utrum
1499 3895 1549 3936 eos
1564 3879 1757 3954 empliusjum
1765 3883 1858 3941 visuri

149 3979 190 4028 tea
204 3985 267 4044 qaue
281 3970 412 4040 ignorant
425 3967 551 4040 Deumil
563 3967 652 4034 These,
667 3967 717 4039 w).
734 3969 874 4023 Amemus
889 3965 978 4039 igitur
1032 3964 1102 4035 sint,
1116 3982 1152 4021 an
1169 3982 1228 4021 non
1242 3964 1308 4022 illos
1324 3965 1397 4021 nihil
1412 3965 1519 4023 horum
1536 3969 1699 4039 ojussione
1715 3969 1795 4028 illius
1809 3971 1860 4044 qui

149 4057 329 4124 eastitstam,
344 4055 415 4130 quia
437 4059 534 4113 eustos
556 4059 670 4113 mentes
694 4059 834 4128 castaque
858 4071 979 4128 corpora
1028 4053 1120 4124 jussit
1135 4057 1230 4126 potest
1245 4054 1401 4122 retrahere,
1418 4055 1469 4110 sod
1483 4059 1544 4111 tots
1558 4056 1721 4113 intentione
1733 4059 1860 4130 potentis

141 4149 229 4206 beas
243 4145 403 4213 inhabitat,
415 4143 685 4201 luxuriosasautem
702 4143 979 4201 etimmuadaseon-
1032 4141 1171 4208 hominis,
1189 4141 1238 4214 qui
1255 4141 1342 4198 hodie
1355 4145 1401 4197 est
1414 4145 1443 4197 et
1453 4141 1574 4198 forsitan
1582 4142 1711 4199 erestine
1724 4161 1781 4200 uon
1792 4146 1858 4213 erit,

148 4237 281 4294 demost.
297 4234 413 4302 Quanta
427 4233 504 4290 enim
520 4233 598 4290 hona
610 4233 678 4306 quis
693 4233 803 4300 iecerit,
817 4232 888 4288 lieet
905 4235 977 4300 oret,
1032 4229 1633 4302 obedientiamexhibentisieutenimjam
1646 4230 1857 4302 diximus,ideo

149 4313 221 4384 lieet
235 4326 336 4380 nostes
348 4321 381 4379 in
398 4321 581 4379 orationibus
596 4325 625 4380 et
637 4321 745 4394 vigiliis
754 4319 908 4396 pervigiles
924 4322 977 4378 du·
1032 4317 1094 4374 hee
1109 4318 1208 4374 omnia
1222 4315 1356 4388 tolerent,
1372 4321 1405 4374 ut
1419 4334 1471 4390 pro
1485 4317 1533 4374 his
1541 4319 1729 4374 commodam
1738 4319 1856 4393 aliquod

148 4417 209 4480 eat,
223 4411 297 4469 lieet
306 4427 423 4470 omnem
433 4409 631 4468 substantiam
644 4426 728 4466 suam
736 4409 916 4484 pauperibus
929 4407 979 4465 tri·
1032 4405 1106 4464 lueri
1122 4405 1229 4462 terreni
1244 4404 1398 4479 aoeipisnt,
1414 4405 1439 4462 si
1454 4405 1858 4481 illihaoisoiuntproptspho·

148 4503 232 4570 boat,
248 4499 318 4557 lieet
332 4499 430 4556 inedia
445 4503 474 4556 et
488 4515 540 4572 per
551 4499 666 4572 jejunia
679 4498 767 4573 longa
775 4515 882 4572 eorpus
890 4514 977 4555 suum
1033 4495 1143 4551 minem
1158 4498 1307 4567 potentem
1323 4499 1389 4568 post
1403 4494 1690 4568 paaoemoriturum,
1704 4499 1859 4571 etproptor

148 4593 266 4658 atterat,
282 4587 350 4645 lieet
365 4591 469 4644 oaetere
483 4585 582 4644 divina
604 4593 749 4662 prerepto
769 4587 938 4660 adimpleat,
954 4588 977 4644 si
992 4605 1016 4670 D
1033 4583 1114 4729 iperet
1128 4582 1178 4640 iila
1190 4582 1363 4656 periturum,
1380 4583 1451 4657 quid
1466 4600 1520 4640 nos
1535 4583 1635 4641 miseri
1651 4584 1682 4640 iu
1697 4584 1745 4641 die
1756 4583 1860 4656 judieii

148 4677 320 4736 eastitatem
336 4693 395 4734 nan
408 4675 554 4744 hebuerit,
571 4675 644 4732 nihil
659 4676 685 4732 ei
701 4675 838 4748 proderit.
856 4675 938 4733 Unde
952 4679 979 4732 et
1058 4689 1091 4731 eo
1106 4676 1206 4728 nostro
1221 4671 1251 4728 in
1266 4670 1557 4728 exeusationenostra
1570 4671 1798 4740 dicturisumus,
1808 4670 1859 4745 qui

148 4765 297 4825 Dominus
310 4766 340 4822 in
355 4764 510 4838 Evangelio
525 4764 663 4838 praecepit
676 4763 791 4820 dieens:
817 4764 879 4820 son
893 4764 981 4821 tamti
1034 4763 1098 4834 ejus
1113 4760 1222 4816 sanetis
1232 4777 1265 4816 ae
1280 4758 1641 4832 salubribusjussioaibus
1656 4760 1857 4818 inobedientes

145 4857 235 4914 vestri
246 4855 401 4928 praecineti,
418 4861 444 4910 et
458 4852 981 4910 lucernoeurdeatesiomoniiusoeatris
1034 4848 1198 4918 existimus,
1214 4851 1243 4904 et
1258 4847 1377 4904 monitis
1388 4846 1556 4904 salubribus
1565 4851 1857 4922 petrumnostrarum

146 4947 228 5019 (tete.
244 4946 307 5013 xre).
323 4947 386 4999 Duo
401 4945 499 5000 autem
512 4945 582 4999 suut
594 4941 850 5015 quejubentunet
863 4940 980 4998 lumbos
1035 4957 1093 4997 noa
1109 4935 1365 5011 obtemperamus?
1380 4937 1462 5004 Quod
1477 4937 1555 4994 enim
1567 4935 1807 4994 hominessaeouli
1818 4937 1861 5004 te,-

147 5031 339 5106 Menegere,
354 5035 385 5088 et
398 5031 533 5088 lueernss
548 5035 657 5096 tenere,
674 5034 707 5086 ut
721 5033 751 5087 et
772 5028 919 5085 munditie
942 5029 982 5086 sit
1034 5028 1117 5087 eiunt
1131 5031 1250 5100 propter
1261 5042 1321 5082 rem
1332 5024 1502 5098 perituram,
1514 5023 1622 5080 ieoiaut
1632 5023 1741 5081 milites
1748 5024 1862 5083 Christi

147 5120 298 5180 eastitatis
313 5120 344 5176 in
360 5135 490 5193 corpore,
506 5121 535 5176 et
555 5118 655 5176 lumen
679 5119 809 5176 veritatis
824 5117 854 5173 in
879 5135 980 5192 opera·
1035 5120 1154 5195 propter
1166 5113 1289 5188 gloriam
1305 5112 1367 5168 sine
1382 5110 1630 5170 finemunsursm.
1642 5113 1860 5180 Quodeuimilli

148 5201 241 5267 tione.
260 5207 446 5283 Redemptori
463 5207 570 5264 etenim
585 5210 686 5264 nostro
702 5221 795 5262 unum
812 5205 874 5262 sine
890 5205 980 5263 altero
1034 5205 1202 5264 obedientes
1216 5202 1346 5259 existunt
1365 5205 1483 5274 propter
1504 5202 1621 5259 inanem
1648 5201 1860 5277 extollentiam,

149 5298 268 5374 plaeere
281 5311 470 5371 nequaquam
485 5299 590 5369 potest,
601 5294 731 5352 siautem
746 5294 828 5367 isqui
837 5294 982 5368 boneagit
1035 5296 1107 5351 fiant
1122 5291 1196 5350 servi
1207 5289 1311 5346 Christi
1320 5289 1498 5346 obedientes.
1511 5294 1631 5364 propter
1645 5290 1862 5348 indefioientem

150 5387 252 5446 sdhuo
266 5384 388 5442 luxurius
401 5384 626 5458 inquinamenta
640 5399 698 5440 nau
708 5381 824 5450 deserit,
832 5387 882 5438 eut
897 5383 981 5455 isqui
1035 5379 1245 5440 excellentiam.
1263 5377 1343 5444 Quod
1359 5378 1436 5434 enim
1452 5376 1493 5433 illi
1511 5379 1680 5438 obedientes
1706 5381 1781 5436 fiunt
1796 5396 1863 5452 pro-

149 5475 288 5534 sastitsto
302 5474 473 5548 proeminet
486 5474 611 5530 aeodum
628 5488 716 5546 seper
730 5472 983 5542 honaopersexer-
1035 5477 1100 5546 pter
1106 5469 1265 5543 perituram
1272 5466 1393 5540 gloriam
1401 5467 1523 5539 perituri
1531 5467 1671 5537 hominis,
1680 5465 1860 5525 stantiamuli

150 5567 208 5621 oet.
224 5563 283 5620 hiso
298 5562 419 5620 eastitas
429 5578 498 5636 ergo
514 5577 622 5636 magna
637 5565 682 5616 est
697 5559 759 5616 sine
782 5559 858 5613 bono
884 5576 981 5632 opero,
1035 5555 1140 5615 Christi
1157 5553 1336 5621 obedientes,
1354 5559 1471 5628 propter
1487 5560 1657 5630 perpetuam
1666 5554 1788 5628 gloriam
1799 5568 1857 5624 per·

151 5667 298 5727 aesopus
311 5652 426 5712 honum
441 5655 486 5712 ost
500 5649 612 5726 aliquid
628 5649 691 5708 sine
707 5647 850 5707 castitate.
1037 5645 1115 5720 petat
1132 5642 1345 5717 liedemptoris.
1356 5643 1443 5704 Nolle
1455 5645 1545 5720 igitar
1556 5639 1861 5719 segnitie,uu11einso
