3930 6172
88 377 133 437 ra
690 374 868 440 cronius
889 378 939 441 ns
960 379 1160 444 taurona.
1576 467 1581 476 ἱ
1717 385 1780 448 aar

87 531 98 558 r
110 525 157 564 uon
171 507 333 574 inveniens,
347 505 432 565 dicit:
448 508 586 566 Revertar
600 507 630 564 in
647 509 768 566 domum
785 527 892 578 meam,
907 515 935 581 Α
950 528 1070 569 manum
1087 531 1171 570 suam
1188 513 1217 570 in
1229 519 1370 584 aratrum,
1384 517 1413 571 ct
1424 514 1581 588 respiciens
1593 519 1680 584 retro,
1693 519 1779 590 aptus

87 620 95 647 ι
111 598 176 654 uude
187 595 271 652 exivi.
286 617 299 646 e
308 597 388 661 Quod
401 599 446 654 est
459 596 713 668 dicere,ltevertar
721 599 756 656 ad
767 598 893 668 ludaeos,
949 606 994 658 est
1010 619 1098 676 regno
1114 601 1163 659 Dei
1181 605 1257 676 (Eae.
1281 607 1330 673 rx).
1349 626 1363 654 a
1386 604 1448 661 Non
1468 605 1545 660 enim
1563 621 1648 676 poena
1662 621 1714 676 par
1730 605 1778 660 dc-

85 684 270 760 quosreliqui.
950 689 1035 746 betur
1057 691 1093 756 ci,
1124 691 1174 764 qui
1204 691 1396 762 multum3et
1418 691 1471 762 illi,
1498 693 1548 766 qut
1578 709 1682 765 parum
1710 709 1779 766 pec-

114 775 243 831 «Etcum
255 774 377 844 venerit,
392 773 501 830 invenit
512 775 609 850 scopis
622 777 804 844 mundatum,
816 781 844 834 et
854 794 897 834 or·
950 783 1007 847 eat,
1022 779 1144 837 Domino
1161 781 1190 837 in
1206 781 1361 856 Evangelio
1385 783 1512 840 dicente:
1531 806 1544 831 «ι
1562 782 1668 838 Servus
1684 781 1779 838 sticns

85 869 206 921 «naum.
224 885 235 916 ι
255 862 411 919 Matthaeus
426 879 554 938 namque
569 863 655 922 dicit:
673 887 686 915 a
703 865 817 922 Invenit
830 881 895 922 eam
949 867 1128 926 voluntatem
1146 869 1259 927 Domini
1276 870 1332 940 sui,
1343 875 1372 928 et
1385 889 1441 928 non
1454 871 1577 928 sarcienst
1587 869 1674 943 digne
1684 869 1779 944 plagis

83 957 230 1020 vacantem,
257 953 354 1025 scopis
380 953 562 1020 mundatam,
579 957 755 1012 stornatum
783 955 894 1026 (Mallia.
949 955 1099 1030 vapulabit
1114 957 1214 1016 multis
1230 959 1305 1030 (tue.
1321 963 1382 1030 xu).
1397 982 1411 1010 »

81 1047 134 1112 m).
148 1065 160 1090 ι)
174 1041 303 1098 Vacabat
318 1040 396 1097 enim
413 1041 519 1098 domus
534 1041 714 1111 ludaeorum,
729 1043 798 1116 quia
813 1043 896 1098 Chri·
986 1067 1000 1095 ι(
1019 1045 1137 1102 Enetum
1154 1051 1198 1103 est
1213 1053 1323 1120 autem,
1344 1065 1410 1104 cum
1428 1047 1489 1104 baec
1504 1047 1622 1117 diceret,
1639 1048 1779 1108 extollens

81 1137 148 1188 stum
172 1129 317 1206 hospitem
334 1130 364 1186 in
381 1147 412 1187 se
428 1149 485 1188 non
511 1131 647 1200 babebat,
664 1131 740 1188 sicut
755 1132 896 1188 Dominus
951 1157 964 1184 a
982 1151 1080 1192 vocem
1096 1136 1229 1210 quedam
1246 1137 1352 1194 mulier
1363 1137 1399 1194 de
1410 1138 1507 1204 turbe,
1519 1138 1601 1195 dixit.
1616 1161 1629 1189 a
1642 1137 1777 1213 »linguae

81 1222 132 1277 ait:
148 1245 160 1270 a
176 1221 247 1277 Ecce
263 1218 446 1294 relinquetur
459 1219 541 1277 vobis
553 1220 657 1277 demus
670 1225 765 1278 vestra
781 1221 897 1277 deserta
951 1223 1113 1281 devotionis
1123 1225 1184 1281 bec
1201 1225 1305 1282 mulier
1320 1225 1492 1293 ostenditur,
1504 1244 1568 1300 quas
1580 1225 1667 1284 fidem
1682 1227 1778 1284 [touri-

79 1311 178 1378 (urta.
205 1310 296 1382 enarr).
313 1333 327 1359 a
353 1332 366 1359 a
382 1309 484 1383 Scapis
506 1310 719 1376 mundatam»
743 1309 896 1367 circumci-
951 1312 1021 1368 nicae
1039 1312 1257 1382 incarnationis,
1271 1331 1359 1387 quum
1376 1316 1461 1372 corde
1477 1315 1619 1388 concepit,
1631 1315 1707 1372 inter
1719 1321 1779 1372 lur-

79 1400 152 1455 siona
166 1402 193 1453 et
207 1397 389 1464 caeremoniis
405 1397 582 1455 carnalibus.
601 1422 614 1448 u
627 1398 776 1470 Ornatam,
795 1422 808 1448 a
825 1398 896 1456 scri·
951 1402 1003 1458 bas
1012 1400 1249 1476 malignantium,
1261 1403 1547 1476 reprehendentium,
1557 1408 1584 1460 et
1595 1404 1779 1462 calumnian-

78 1489 185 1556 barum,
202 1492 231 1542 et
245 1486 460 1543 Pharisaeorum
477 1487 744 1560 superstitionibus.
950 1489 1102 1561 lium,are
1127 1491 1244 1549 credulo
1267 1493 1401 1550 consessa
1420 1497 1474 1562 est,
1499 1493 1618 1550 dicens:
1642 1516 1655 1544 a
1673 1494 1778 1550 Beatus

112 1601 122 1626 ·
140 1578 172 1632 Et
185 1579 253 1632 tuuc
268 1575 349 1632 vadit
370 1581 398 1632 et
414 1577 540 1633 assumit
554 1581 665 1649 septem
686 1576 759 1634 alios
775 1576 896 1652 spiritus
951 1603 965 1628 a
982 1583 1082 1636 venter
1097 1579 1147 1653 qui
1163 1585 1190 1636 te
1206 1580 1341 1653 portavit,
1355 1584 1384 1636 et
1399 1581 1488 1638 ubera
1504 1598 1567 1654 quae
1583 1581 1698 1638 suxisti.
1716 1604 1731 1630 a
1747 1582 1778 1637 ln

79 1665 256 1738 «nequiores
275 1682 318 1735 se,
334 1669 363 1721 et
377 1665 502 1739 ingressi
521 1665 657 1722 habitant
672 1665 721 1722 ibi.
742 1689 755 1716 a
773 1671 896 1723 Domum
951 1668 1060 1740 quibus
1074 1669 1170 1726 verbis
1188 1687 1244 1726 nou
1258 1669 1353 1726 solnm
1371 1675 1529 1740 praesentes
1539 1669 1778 1744 calumniatores,

78 1773 160 1828 quam
170 1760 322 1829 vacantem
333 1755 452 1819 invenit,
464 1772 521 1810 non
536 1754 704 1830 solumipse
715 1755 765 1828 qui
777 1755 899 1829 relique·
952 1755 1001 1828 qui
1018 1756 1154 1814 dicebant
1169 1773 1237 1814 eum
1262 1757 1292 1813 in
1316 1757 1476 1814 Beelzebub
1496 1759 1599 1830 ejicere
1624 1759 1778 1830 damonia,

78 1851 119 1899 ret
131 1843 247 1911 invadit,
261 1843 411 1899 sedetiam
424 1842 497 1899 alios
510 1848 619 1916 septem
630 1845 897 1918 nequioressecum
952 1845 1115 1914 contundit,
1132 1847 1182 1902 sad
1198 1847 1286 1903 etiam
1311 1843 1444 1903 suturam
1465 1863 1566 1904 eorum
1583 1864 1710 1904 errorem
1725 1849 1778 1905 de·

79 1934 205 2002 assumit,
228 1933 257 1988 id
274 1937 319 1988 est
334 1937 444 2004 septem
460 1931 530 1987 vitia
546 1933 728 2006 principalia,
745 1951 809 2006 quae
825 1937 895 1992 sunt
951 1933 1048 2002 struit,
1066 1933 1115 2007 qui
1131 1933 1237 1990 dicturi
1253 1939 1336 1990 crant
1351 1934 1509 1992 Dominum
1525 1953 1583 1993 non
1598 1953 1695 1992 voram
1713 1954 1778 1994 car-

80 2021 305 2096 snperbiagula,
316 2020 617 2088 fornicatiomvaritia,
628 2022 896 2091 ira,trislitia,vana
951 2037 1017 2077 nem
1029 2038 1063 2077 cx
1077 2022 1289 2096 Mariavirgine
1309 2023 1518 2098 assumpsisse.
1536 2024 1565 2082 Si
1581 2025 1661 2082 enim
1682 2030 1780 2082 ventre

80 2110 767 2185 gloria.Sirutenimseptenariusnumcruseum
781 2111 895 2168 inbono
950 2115 1093 2183 portatus,
1112 2111 1309 2186 uberibusque
1323 2116 1368 2169 ast
1390 2112 1524 2182 lactatus,
1546 2118 1626 2186 patet
1650 2115 1779 2187 prolecto

81 2201 198 2273 ponitur,
214 2217 316 2256 ornnes
332 2199 463 2268 virtutes,
486 2217 549 2274 quea
564 2201 752 2274 pergratiam
769 2201 896 2274 Spiritus
950 2201 1026 2272 quod
1052 2200 1334 2256 consubstantialem
1357 2219 1474 2257 carnem
1502 2203 1607 2260 matris
1637 2203 1779 2278 suscepit,

83 2291 164 2345 saneti
176 2288 435 2356 lidclibusdantur,
447 2289 653 2363 significatus
665 2307 795 2362 cumpro
807 2290 895 2356 rrrulo,
950 2288 1150 2345 maximecum
1159 2290 1320 2346 seeundum
1332 2289 1468 2364 physicos
1479 2291 1508 2346 in
1519 2295 1618 2348 ventre
1629 2309 1781 2366 pregnan-

84 2380 170 2434 omnia
181 2379 249 2436 vitia
261 2395 324 2451 quae
337 2379 737 2436 virtutibussuntcontraris.
748 2403 762 2430 «
775 2381 810 2435 Et
820 2380 896 2434 frunt
950 2377 998 2446 tis,
1013 2377 1110 2450 liquor
1127 2379 1281 2453 sanguinis
1293 2384 1322 2435 et
1344 2379 1428 2436 lactis
1443 2396 1478 2436 ex
1493 2397 1550 2436 uno
1567 2381 1645 2437 tonte
1660 2385 1779 2438 manat:

85 2491 96 2516 a
111 2467 259 2524 novissima
271 2467 402 2524 hominis
415 2467 494 2523 illius
505 2468 604 2542 pejora
618 2468 765 2541 prioribus
779 2493 791 2518 u
803 2469 895 2525 hlulto
951 2467 1114 2540 sanguinis,
1126 2468 1205 2524 unde
1216 2469 1359 2524 formatur
1370 2467 1473 2524 homo:
1487 2467 1582 2537 laetis,
1594 2471 1672 2526 unde
1683 2469 1778 2544 pasci-

84 2558 150 2612 enim
167 2574 242 2614 nune
258 2557 372 2630 pejores
384 2560 454 2612 sunt
466 2555 568 2626 Judrei,
583 2575 672 2630 quam
685 2561 844 2631 antequam
855 2557 896 2613 le·
951 2559 1008 2610 tur.
1023 2555 1051 2612 Si
1064 2573 1131 2630 ergo
1143 2555 1285 2612 Dominus
1295 2557 1381 2612 iesus
1390 2556 1526 2613 Christus
1537 2558 1613 2614 sieut
1624 2559 1719 2615 caeteri
1732 2559 1781 2616 ho·

84 2661 140 2716 gem
154 2645 342 2718 accepissant,
365 2645 455 2700 relicti
472 2663 489 2701 a
512 2645 580 2714 Deo,
597 2651 626 2702 et
642 2645 704 2702 sine
728 2646 791 2720 lege
804 2652 832 2702 et
847 2664 896 2703 sa·
952 2645 1045 2700 mines
1056 2644 1100 2700 lae
1112 2645 1200 2712 sunit,
1212 2648 1241 2700 et
1252 2645 1380 2702 nutritus
1391 2649 1445 2714 est,
1458 2645 1528 2701 nimi
1534 2664 1597 2702 rum
1608 2664 1706 2703 veram
1721 2664 1782 2704 cer·

82 2735 197 2791 cordolio
212 2735 289 2802 iacti,
303 2737 332 2791 et
345 2734 468 2808 dispersi
480 2735 516 2790 de
531 2739 616 2808 geute
632 2735 661 2791 iu
676 2739 802 2808 gentem,
819 2740 847 2791 et
861 2735 897 2792 de
952 2751 1029 2799 nem,
1040 2733 1781 2810 nonsimulatam,assumpsit,sicutPaulusaposto·

82 2839 162 2896 regno
176 2823 205 2879 in
229 2840 352 2897 regnum
369 2823 404 2880 ad
433 2821 573 2896 populum
591 2823 726 2879 alterurn.
743 2823 797 2880 Scd
814 2823 897 2880 valde
951 2822 998 2880 lus
1011 2823 1064 2878 ait:
1091 2847 1105 2874 a
1118 2822 1171 2890 Qui
1187 2824 1282 2879 lactus
1297 2826 1341 2878 est
1353 2823 1379 2878 ei
1392 2839 1427 2879 ex
1446 2822 1557 2880 somine
1568 2823 1659 2880 David
1675 2840 1781 2880 seeun-

80 2913 230 2968 eavcndum
261 2917 369 2979 estne
400 2913 473 2968 torte
500 2909 570 2968 vitia
600 2911 767 2968 ludaeorum
793 2913 897 2968 adnos
953 2912 1023 2967 dum
1040 2928 1156 2968 carnem
1173 2911 1259 2984 (Rom.
1276 2911 1307 2982 ι).
1325 2933 1338 2960 a
1354 2911 1394 2968 De
1409 2927 1468 2983 quo
1481 2911 1635 2970 Mattheus
1651 2911 1679 2968 in
1697 2912 1781 2970 initio

78 3004 229 3058 transcant.
259 3001 306 3058 Ait
333 3001 410 3056 enim
426 3019 432 3057 :
450 3024 464 3052 ι(
481 3000 553 3056 Cum
578 3000 751 3058 immundus
776 3001 898 3075 spiritus
953 3000 998 3056 sui
1010 2999 1155 3072 Evangelii
1172 2998 1230 3055 ait:
1245 3023 1258 3050 «
1271 3000 1358 3056 Liber
1368 2999 1566 3073 generationis
1580 3001 1648 3057 lesu
1663 3001 1781 3076 Christi,

77 3091 174 3146 exierit
189 3091 222 3148 ab
240 3091 368 3147 bomine.
383 3114 397 3142 n
413 3089 515 3147 Omnis
531 3091 610 3148 enim
621 3089 760 3146 catholica
771 3089 898 3147 Ecclesia
953 3087 1004 3143 filii
1022 3088 1119 3157 David,
1131 3087 1182 3143 filii
1199 3087 1357 3144 Abrabam.
1372 3112 1387 3138 »
1401 3088 1704 3161 Spiritualiterautem
1717 3108 1781 3147 mu-

75 3179 172 3247 eredit,
186 3179 262 3252 quod
278 3197 331 3252 per
343 3179 452 3235 undam
465 3179 651 3253 baptismatis
663 3184 691 3235 et
703 3178 827 3253 gratiam
838 3179 899 3252 Spi·
953 3176 1070 3234 lieristo
1079 3177 1212 3233 sariotum
1224 3175 1369 3250 signifieat
1378 3177 1547 3244 Ecclesiam,
1560 3195 1623 3250 qua
1632 3179 1709 3235 inter
1718 3183 1780 3236 tur·

75 3266 145 3324 ritus
168 3269 272 3336 sancti,
289 3269 427 3326 omnibus
451 3269 578 3342 peccatis
598 3268 741 3339 dimissis,
756 3268 897 3325 demonis
912 3251 934 3317 C
954 3266 1007 3323 bas
1021 3266 1199 3334 ludaeorum,
1214 3283 1395 3339 paganorum
1408 3271 1437 3322 et
1449 3266 1651 3324 hereticorum
1663 3267 1781 3325 credula

76 3361 200 3426 potestas
214 3357 386 3415 excluditur.
402 3358 483 3413 'lunc
493 3356 626 3414 ambulat
636 3357 757 3430 perloca
768 3358 859 3426 arida,
872 3361 900 3414 ct
953 3373 1023 3412 voce
1037 3356 1194 3412 Dominum
1222 3355 1369 3411 Christum
1393 3355 1558 3412 confitetur.
1574 3355 1665 3428 Cujus
1681 3373 1781 3413 revera

76 3443 225 3518 inaquosa,
240 3445 270 3504 id
287 3451 342 3514 est,
356 3447 443 3503 corda
453 3445 578 3503 aliorum
593 3446 825 3514 Christianorum
837 3452 900 3504 ten·
954 3462 1022 3502 voce
1032 3442 1739 3518 venterMarievirginisbeatuspredicaturtlae.
1750 3445 1781 3518 r),

76 3535 174 3604 mado,
188 3535 234 3609 qui
247 3534 323 3592 aridi
336 3539 404 3592 sunt
414 3553 466 3609 pcr
476 3535 698 3592 abstinentiam:
711 3541 740 3591 et
752 3535 898 3608 inaquosi,
954 3541 1018 3608 queo
1028 3535 1117 3592 totius
1127 3533 1229 3590 mundi
1243 3533 1465 3606 Redemptorem
1476 3532 1582 3588 meruit
1591 3537 1718 3606 portare,
1729 3535 1783 3592 sic-

77 3623 183 3680 sduxu
198 3623 329 3682 libidinis
348 3622 445 3680 alieni.
462 3623 494 3680 ln
509 3623 619 3682 talibus
634 3641 751 3698 quoquo
768 3641 900 3698 querens
955 3629 987 3681 ut
1002 3625 1066 3698 ipsa
1081 3625 1116 3680 de
1132 3641 1163 3680 se
1179 3623 1234 3680 ait:
1260 3647 1274 3674 a
1288 3623 1329 3679 Ex
1343 3623 1399 3679 hoc
1413 3623 1528 3679 beatam
1545 3633 1592 3679 me
1608 3623 1705 3679 dicent
1719 3639 1782 3678 om-

77 3712 213 3784 requiem,
228 3717 256 3770 et
271 3729 329 3770 non
341 3712 466 3770 invenit:
484 3713 663 3785 quiacastas
677 3718 706 3770 et
721 3731 810 3786 puras
822 3729 902 3768 mon·
955 3731 1007 3770 nes
1021 3713 1234 3788 genemtioncs.
1251 3735 1265 3764 n
1291 3713 1327 3768 Et
1341 3711 1508 3768 Elizaheth:
1525 3736 1539 3764 a
1565 3715 1653 3768 Beata
1672 3729 1703 3768 es
1718 3728 1782 3786 quae

75 3803 117 3854 tes
132 3800 283 3876 effugiens,
300 3802 469 3858 tenebrosas
485 3807 513 3858 et
534 3800 706 3858 libidinosas
731 3802 843 3875 quaerit.
860 3801 900 3858 De
954 3802 1144 3859 credidisti.»
1160 3802 1321 3858 Confirmat
1335 3805 1434 3857 autern
1449 3801 1536 3858 verba
1552 3800 1696 3867 mulieris,
1714 3817 1782 3857 cum

77 3904 131 3958 quo
144 3891 182 3946 ad
196 3891 314 3946 beatum
330 3890 385 3947 Job
397 3890 536 3947 Dominus
549 3889 602 3946 ait:
620 3915 633 3942 a
647 3890 707 3946 Sub
718 3891 823 3947 umbra
833 3891 900 3946 dor·
954 3891 1127 3965 subjungit:

77 3977 137 4044 mit,
147 3976 413 4036 in'sccretocalami
427 3979 455 4034 in
466 3977 537 4036 locis
549 3979 815 4053 hernantibus(ioi.
826 3983 900 4050 xm.»
992 4003 1005 4042 ᾳ
1022 3979 1168 4047 Quinimn,
1184 3977 1258 4034 beati
1276 3978 1325 4052 qui
1339 3979 1464 4036 audiunt
1477 3981 1598 4036 verbum
1616 3979 1675 4047 Dei,
1692 3982 1721 4036 et
1736 3995 1784 4036 eu·

76 4065 128 4120 Sed
144 4085 209 4124 cum
224 4068 285 4124 zelo
301 4065 398 4135 ‚divini
415 4067 525 4124 amoris
541 4069 626 4125 luerit
641 4068 792 4142 expulsus,
806 4069 896 4125 dicit:
956 4091 970 4122 a
983 4069 1115 4126 stodiunt
1125 4066 1208 4124 illud.
1220 4070 1282 4124 »Ae
1293 4066 1317 4123 si
1327 4067 1463 4124 dixisset:
1477 4069 1654 4126 lrrxtatuam
1666 4073 1781 4125 senten·

78 4177 89 4198 ο
105 4155 239 4212 Revertar
254 4157 283 4212 in
297 4157 418 4212 domum
434 4173 530 4213 meam
544 4158 620 4213 uude
631 4157 715 4214 exivi.
728 4179 741 4208 n
757 4158 839 4214 'lune
853 4175 899 4214 va·
954 4159 1025 4214 tiam
1040 4155 1241 4232 principaliter
1254 4157 1356 4212 beatus
1372 4157 1420 4213 ille
1434 4160 1587 4214 venterest
1597 4156 1647 4229 qui
1659 4173 1705 4214 mc
1715 4172 1781 4229 por·

78 4242 125 4298 riis
140 4245 234 4302 modis
250 4252 380 4303 mentem
397 4245 526 4302 hominis
541 4250 654 4302 tentare
677 4245 791 4320 incipit,
810 4263 897 4319 quem
953 4247 1042 4303 tavit:
1059 4246 1109 4302 sed
1125 4249 1154 4301 ct
1168 4261 1269 4301 omnes
1286 4245 1374 4313 beati,
1388 4245 1437 4318 qui
1454 4245 1578 4300 audiunt
1592 4245 1714 4300 verbum
1730 4243 1780 4300 Dei

78 4345 127 4400 per
137 4333 316 4407 baptismum
335 4334 501 4406 reliquerat.
516 4332 572 4391 Sed
589 4333 658 4407 quia
673 4339 743 4391 sunt
758 4334 843 4391 multi
856 4340 900 4392 te·
954 4340 983 4394 et
996 4334 1168 4392 custodiunt
1180 4332 1262 4390 illud.
1280 4332 1329 4388 Cui
1344 4337 1441 4388 autcm
1458 4332 1607 4389 beatitudo
1622 4331 1719 4388 Mariae
1734 4332 1782 4388 de·

78 4419 134 4488 pidi
146 4421 312 4492 Christiani,
327 4428 404 4480 recta
414 4424 449 4479 de
460 4424 559 4480 endem
572 4423 659 4479 domo
670 4423 808 4480 subditur
820 4441 826 4480 :
840 4448 852 4475 a
865 4425 900 4481 Et
953 4425 1049 4495 lectat,
1067 4424 1184 4480 studeat
1199 4422 1324 4478 libenter
1334 4422 1436 4478 audire
1446 4422 1567 4478 verbum
1579 4421 1629 4478 Dei
1641 4424 1669 4476 et
1683 4425 1780 4477 custo-

80 4523 142 4565 eum
158 4513 277 4583 venerit,
291 4511 400 4570 invenit
414 4529 477 4568 eam
493 4516 655 4580 vacantem,
668 4512 763 4586 scopis
774 4515 899 4570 manda·
954 4515 1026 4582 dire,
1040 4515 1144 4570 beatus
1156 4512 1220 4569 erit.
1235 4510 1374 4584 Quisquis
1385 4527 1454 4584 ergo
1465 4510 1584 4566 verbum
1598 4507 1645 4566 Dei
1657 4507 1782 4566 libenter

80 4599 136 4653 tam
151 4603 180 4655 et
198 4605 341 4658 ornatam.
360 4623 374 4650 a
399 4599 569 4670 vacantem,
586 4601 614 4657 id
631 4606 676 4658 cst
691 4619 707 4658 a
723 4602 798 4660 bono
814 4619 899 4677 opere
915 4625 939 4689 ὓ
955 4603 1046 4672 audit,
1059 4601 1207 4660 Christum
1220 4600 1364 4674 concipit:
1382 4601 1406 4657 si
1417 4605 1515 4657 autem
1532 4600 1561 4656 in
1577 4615 1663 4672 opere
1677 4615 1780 4672 perpe·

81 4687 244 4760 torpentem.
259 4715 273 4741 a
291 4689 393 4764 Scopis
406 4691 589 4759 mundatam,
606 4713 620 4740 a
635 4691 664 4748 id
679 4695 724 4749 est
738 4709 789 4766 per
804 4691 899 4766 bapti·
953 4691 1082 4762 traverit,
1099 4691 1247 4747 Christum
1263 4689 1348 4763 parit.
1361 4689 1442 4746 Unde
1453 4689 1596 4746 Dominus
1609 4688 1725 4744 cuidam
1740 4685 1781 4742 di·

80 4789 173 4834 amum
187 4797 204 4836 a
216 4778 370 4853 preteritis
381 4780 507 4854 peccatis
522 4778 664 4838 ablutam.
677 4781 826 4851 Ornatam,
842 4783 897 4839 sub
953 4781 1029 4839 canti
1044 4779 1101 4837 sihi
1125 4779 1225 4854 (llottb.
1242 4779 1312 4852 xul:
1329 4802 1343 4830 «ι
1359 4780 1430 4836 Ecce
1446 4783 1539 4835 mater
1552 4781 1613 4848 tua,
1633 4779 1662 4833 et
1676 4776 1780 4832 iratres

83 4861 298 4926 Christianitatis
310 4869 411 4926 habitu
423 4868 570 4927 simulatis
579 4869 747 4926 virtutibus.
760 4893 773 4920 a
784 4871 817 4928 Et
828 4875 897 4930 tune
952 4871 995 4929 tui
998 4871 1076 4942 teris
1093 4874 1182 4938 stant,
1197 4874 1360 4942 quaerentes
1374 4872 1413 4938 te,
1426 4889 1440 4918 a
1456 4866 1622 4940 respondit:
1640 4864 1696 4920 «Si
1712 4864 1779 4938 quis

85 4953 156 5010 radit
168 4962 194 5013 et
207 4957 332 5016 assumit
344 4963 455 5032 septem
468 4957 541 5015 alios
556 4958 842 5032 spiritusnequiores
855 4977 896 5030 se,
952 4961 1052 5018 lecerit
1067 4960 1245 5016 voluntatem
1257 4956 1351 5013 Patris
1363 4957 1431 5026 mei,
1446 4955 1508 5029 ipse
1522 4971 1606 5011 meus
1620 4954 1716 5024 trater,
1732 4969 1778 5009 so-

86 5043 110 5094 et
122 5041 238 5118 ingressi
249 5046 384 5104 habitant
397 5046 447 5104 ibi.
460 5069 474 5098 a
487 5046 565 5104 Solet
576 5047 755 5121 contingere,
766 5054 799 5105 ut
810 5067 896 5123 quem
953 5069 1010 5117 ror,
1026 5054 1054 5106 et
1070 5052 1163 5104 mator
1178 5049 1231 5103 est.
1244 5067 1257 5096 a
1283 5043 1385 5102 Omnis
1403 5044 1511 5119 quippe
1525 5043 1576 5116 qui
1590 5042 1710 5099 verbum
1727 5039 1779 5097 Dei

87 5135 144 5186 aute
152 5133 325 5208 baptismum
337 5153 389 5208 per
399 5136 495 5193 solam
507 5135 646 5212 originale
657 5143 808 5211 peccatum
821 5143 898 5196 tene·
952 5141 1075 5197 audiens
1098 5133 1271 5209 impleverit,
1289 5133 1419 5206 quotidie
1445 5132 1594 5190 Christum
1610 5129 1736 5204 concipit
1751 5134 1779 5188 et

90 5215 140 5286 bii,
155 5228 248 5294 postea
272 5241 324 5298 per
345 5223 439 5281 multa
465 5225 536 5281 vitia
562 5227 720 5299 possideat.
743 5248 757 5277 a
773 5227 808 5283 Et
823 5228 899 5284 fiunt
952 5228 1037 5302 parit.
1054 5227 1088 5282 Et
1103 5241 1192 5298 quem
1207 5225 1307 5278 venter
1328 5221 1424 5278 Maria
1439 5222 1564 5297 portavit
1579 5218 1779 5294 corporaliter,

89 5307 230 5370 novissima
252 5314 383 5370 bominis
398 5312 478 5371 illius
494 5316 593 5388 pejora
619 5314 776 5388 prioribus.
794 5337 808 5364 »
824 5317 898 5382 Quia
951 5318 1014 5391 ipse
1022 5317 1117 5390 portat
1125 5309 1325 5386 spiritualiter.
1336 5311 1515 5368 Deneautem
1525 5315 1680 5384 postquam
1690 5307 1777 5368 cirta:

89 5393 155 5455 sieut
167 5401 199 5457 de
218 5402 327 5460 talibus
342 5403 445 5460 Petrus
460 5403 611 5477 apostolus
624 5404 682 5460 sit:
705 5426 718 5454 a
736 5403 841 5460 llelius
855 5405 896 5462 eis
952 5429 965 5456 ι(
983 5404 1061 5462 Beati
1078 5402 1128 5476 qui
1144 5400 1269 5457 audiunt
1282 5399 1403 5456 verbum
1419 5399 1480 5466 Dei,
1499 5423 1513 5451 a
1530 5395 1702 5471 subjunxit:
1720 5418 1733 5448 a
1750 5400 1779 5452 et

90 5480 238 5547 lueratnon
264 5509 423 5567 agnoscere
444 5492 523 5549 viam
552 5493 692 5561 veritatis,
719 5509 808 5566 quam
831 5499 897 5568 post
951 5489 1245 5556 custodiuntillud,»
1262 5487 1330 5562 quia
1358 5489 1392 5544 ad
1410 5489 1621 5546 beatitudinem
1637 5489 1776 5542 eternam

90 5575 249 5646 agnitionem
263 5587 340 5637 retro
357 5581 483 5638 converti
498 5582 539 5650 (ll
552 5587 625 5639 l’etr.
642 5581 684 5652 rr).
700 5601 713 5634 a
733 5582 772 5637 De
787 5582 896 5640 talibus
949 5581 1172 5656 promerandam
1189 5595 1246 5632 non
1260 5577 1375 5651 proficit
1390 5579 1510 5635 verbum
1526 5575 1576 5634 Dei
1592 5575 1704 5641 audire,
1720 5572 1776 5628 nisi

90 5668 171 5725 subm
183 5669 323 5729 Dominus
336 5671 366 5730 in
377 5670 532 5749 Evangelio
543 5670 626 5732 dicit:
644 5693 658 5724 a
669 5669 759 5732 Nemo
775 5671 895 5734 mittens
950 5686 1074 5750 quasque
1085 5667 1157 5727 illud
1168 5667 1286 5728 studeat
1299 5667 1457 5741 custodire,
1471 5665 1594 5726 Domino
1606 5663 1718 5722 dicente
1733 5659 1775 5717 di·
