3950 6174
93 279 149 344 dl'l
705 279 883 348 Horetum
903 280 955 350 DE
975 281 1175 348 meotis.
1733 281 1796 348 dtss

92 415 176 474 lucidi
188 419 430 490 appareamus,ut
444 413 601 492 impleatur
615 418 693 492 quod
708 415 851 476 Dominus
863 415 914 474 ait:
929 413 958 486 A
968 417 1074 489 Junnre
1090 435 1148 476 non
1162 417 1239 476 velit.
1255 421 1322 476 Haeo
1333 421 1362 478 et
1375 417 1423 478 bis
1441 417 1550 478 similla
1559 415 1644 476 laollc
1653 435 1710 476 non
1725 401 1799 476 sunl

93 529 106 555 ιι
121 506 217 562 Sancti
233 505 324 576 eritis,
341 507 417 562 sicut
432 524 485 580 ego
501 511 621 564 sanctus
636 524 703 564 sum
725 508 750 580 (l
764 511 838 564 Petr.
854 506 884 579 ι).
899 527 913 554 ιι
965 506 1136 578 judicanda,
1149 507 1225 564 sicut
1240 505 1390 582 apostolus
1401 507 1509 567 Paulus
1524 507 1609 562 dicit·
1623 529 1638 558 ιι
1648 507 1701 572 Qui
1712 524 1796 564 mau-

90 593 186 652 llstote
197 593 326 666 perlecti,
343 599 376 659 ιιι
390 595 467 653 sicut
480 596 543 676 ipse
556 596 624 672 pius
639 601 667 654 et
677 595 847 654 misericors
858 598 913 664 est,
969 596 1065 664 ducat,
1081 613 1140 654 non
1156 598 1382 654 manducantem
1403 613 1461 654 non
1473 595 1606 669 iudicet,
1625 595 1719 670 etqui
1737 613 1797 656 non

92 683 169 756 «qui
187 682 278 741 solem
290 701 377 741 suum
393 685 462 742 oriri
478 686 548 742 tacit
558 703 647 760 super
657 685 751 744 bonos
766 689 795 742 et
808 682 914 752 malos,
969 683 1138 754 manducat,
1154 686 1380 744 manducantem
1396 703 1455 742 nou
1470 687 1589 758 spernat
1602 685 1627 756 (l
1635 681 1710 740 licem
1725 687 1796 752 ιιι).ιι

90 777 117 829 ιι
129 771 205 846 pluit
219 789 309 846 super
317 773 416 848 justos
430 777 460 832 et
474 774 601 848 injustos
611 775 714 845 (unu.
726 777 767 844 ιι;
780 795 794 824 ιι
804 773 845 832 ite
855 790 914 832 noo
968 771 1005 832 ut
1017 772 1144 832 iterum:
1162 796 1176 826 ιι
1190 773 1254 832 ΝοΙί
1270 779 1337 831 ants
1357 779 1475 848 tempus
1487 773 1631 846 judicare,
1648 772 1799 846 quoadus-

89 859 183 920 solum
199 859 312 930 amicis,
328 861 483 921 sedetiam
503 859 632 921 inimicis
646 867 675 920 et
689 861 835 920 extraneis
849 879 914 936 quae
969 879 1026 935 que
1042 863 1140 920 veniat
1154 863 1307 932 Dominus,
1324 863 1374 938 qui
1390 865 1419 920 et
1433 860 1614 922 illuminabit
1626 859 1799 918 abscondita

90 947 471 1026 possumusimpeudsmus,
481 950 557 1007 sicut
567 949 710 1008 Dominus
720 948 915 1024 ait:«Diligite
968 952 1167 1021 tenebrarum,
1183 956 1212 1010 et
1235 951 1435 1010 manifestabit
1461 949 1585 1008 consilia
1604 949 1748 1018 cordium,
1768 953 1799 1005 et

89 1035 222 1102 inimicos
241 1041 363 1108 vestros,
391 1038 552 1096 benefacite
568 1037 620 1098 'his
633 1038 686 1112 qui
712 1038 838 1096 oderunt
864 1055 916 1096 vos
968 1043 1039 1097 tunc
1054 1039 1119 1098 laus
1134 1039 1358 1114 erltunicnique
1371 1057 1389 1097 a
1403 1040 1462 1098 Deo
1473 1039 1500 1112 (t
1510 1039 1570 1096 Cor.
1582 1035 1632 1110 tv).
1646 1059 1660 1089 ιι
1669 1037 1705 1096 ut
1714 1035 1796 1104 alibi,

88 1125 192 1198 (ibid),
207 1147 222 1176 ιι
243 1129 389 1200 quetenus
404 1126 433 1182 in
450 1131 527 1186 sorte
542 1126 670 1185 tiliorum
685 1127 736 1186 Dei
751 1127 914 1201 computari
969 1129 1020 1186 ubi
1031 1128 1168 1202 prohibet
1177 1145 1226 1187 eos
1235 1129 1377 1202 judicare,
1386 1129 1437 1202 qui
1446 1127 1584 1184 carnibus
1593 1124 1795 1195 vescebantur,

88 1229 264 1281 mereamur,
280 1218 314 1270 ut
333 1211 490 1288 impleatur
504 1214 534 1271 in
550 1214 635 1272 nobis
651 1216 728 1289 quod
744 1215 806 1288 ipse
820 1215 861 1272 ait
883 1215 914 1273 in
968 1217 1006 1274 ab
1018 1216 1126 1291 hiqui
1137 1217 1406 1285 convescebantur,
1417 1217 1533 1276 diceas:
1544 1213 1796 1272 «Nemovestrnm

86 1302 261 1378 Evangelio:
278 1325 292 1354 ιι
308 1303 388 1362 Beati
403 1303 526 1377 pacilici,
543 1303 683 1378 quoniam
698 1303 751 1360 lllii
766 1303 816 1362 Dei
831 1321 914 1362 voca·
964 1305 1079 1378 iudicet
1105 1305 1136 1362 iu
1164 1305 1229 1364 cibo
1252 1309 1303 1363 aut
1323 1305 1439 1379 inpetu
1467 1305 1541 1379 (col.
1556 1305 1599 1378 11).
1618 1325 1632 1356 ιι
1655 1301 1691 1360 llt
1704 1302 1795 1359 item:

85 1393 199 1450 buntur
211 1391 314 1464 (lead).
327 1413 342 1442 ιι
357 1391 416 1450 Nec
429 1393 612 1472 superfluum
623 1391 712 1450 videri
728 1393 824 1466 debet,
840 1393 865 1450 si
878 1393 914 1450 ad
969 1417 984 1447 ιι
996 1395 1039 1452 't'u
1051 1395 1119 1468 quis
1129 1393 1475 1468 esquijudicaselienum
1486 1390 1691 1466 servumlllom.
1700 1389 1797 1466 ιιιιιιι

85 1480 161 1540 hanc
175 1479 370 1538 imitationem
386 1479 511 1538 caelestis
520 1480 615 1538 Patris
625 1481 762 1540 subtilius
773 1479 915 1556 indegen-
968 1483 1004 1541 ut
1017 1501 1135 1541 rursus:
1148 1482 1274 1540 «Melius
1287 1488 1400 1541 estnon
1410 1483 1587 1540 manducare
1601 1494 1730 1548 carnem,
1746 1495 1798 1536 ue·

84 1568 165 1638 dem,
181 1585 216 1626 ex
231 1569 320 1626 rebus
330 1567 495 1628 visibilibus
511 1569 630 1643 aliquod
644 1570 916 1645 exemplumsuma·
969 1589 1026 1646 que
1039 1571 1139 1630 bibere
1157 1573 1260 1629 vinum
1271 1571 1393 1645 (lembo
1409 1575 1464 1628 ete.
1480 1569 1624 1638 Quoniam
1640 1567 1691 1642 qui
1704 1567 1797 1625 alium

83 1675 163 1716 mus.
173 1657 396 1716 Traduntenim
408 1657 573 1732 physiologi
586 1661 795 1717 naturamesse
806 1657 917 1732 aquila·
968 1661 1079 1736 injusto
1093 1662 1206 1735 indicat
1219 1665 1271 1718 aut
1285 1658 1471 1728 condemnat,
1482 1660 1564 1733 Juste
1573 1655 1756 1730 iudicabitur
1769 1658 1799 1714 et

82 1763 162 1817 rum,
176 1744 394 1820 utpullossuos
409 1747 603 1820 coutrajubar
613 1747 916 1822 solissuspendant‚et
970 1749 1223 1808 condemnabitur.
1239 1751 1316 1808 Sunt
1329 1765 1397 1806 vero
1412 1748 1471 1806 elia
1485 1763 1583 1822 opera,
1599 1763 1662 1821 que
1677 1761 1730 1820 per
1751 1761 1798 1804 sa·

82 1829 163 1908 quo's
179 1849 260 1892 more
275 1840 429 1908 parentum
453 1835 669 1893 irreverberatis
693 1836 786 1894 oculis
809 1835 918 1894 intueri
971 1838 1097 1912 metipso
1111 1837 1267 1896 manifesta
1280 1842 1310 1894 et
1326 1843 1427 1912 aperta
1440 1835 1520 1894 mala
1533 1839 1612 1905 sunt,
1627 1835 1706 1892 siout
1726 1838 1799 1891 suut

81 1923 213 1982 viderint
228 1921 390 1980 claritatem
415 1922 496 1992 solis,
513 1925 675 1982 cumomni
699 1924 851 1999 diligentia
875 1925 916 1982 lo·
971 1926 1125 1996 adulteria,
1141 1925 1228 1994 turta,
1257 1925 1425 1995 homicidia,
1441 1924 1562 1998 rapine,
1588 1923 1752 1992 ebrietates,
1768 1926 1798 1980 et

81 2017 153 2070 vent
167 2015 198 2071 et
212 2011 362 2070 nutriunt:
373 2029 448 2086 quos
459 2017 559 2070 eutem
569 2017 677 2070 terram
689 2014 831 2088 inspicere
840 2014 917 2070 vide·
970 2019 1075 2072 caetera
1087 2015 1178 2085 talie;
1194 2016 1255 2072 hee
1270 2032 1288 2071 a
1302 2015 1439 2074 tidelibus
1455 2031 1512 2071 non
1528 2011 1624 2070 solum
1642 2009 1797 2086 reprehen-

82 2101 155 2170 rint,
171 2099 257 2176 quasi
272 2099 451 2159 adulterinos
465 2101 607 2174 dejiciunt
614 2106 643 2158 et
657 2105 858 2160 contemnunt.
875 2101 918 2160 Si·
970 2105 1067 2162 denda
1081 2110 1161 2177 sunt,
1176 2105 1264 2162 sedet
1277 2104 1450 2178 corrigenda
1465 2103 1501 2160 ab
1516 2101 1567 2158 illo
1582 2099 1743 2174 quilocum
1758 2115 1801 2156 re·

80 2189 195 2247 militer
208 2189 244 2246 de
259 2189 352 2246 corvis
371 2187 482 2258 dicunt,
509 2189 587 2263 qnod
602 2189 704 2248 tandiu
726 2189 823 2263 pullos
846 2206 916 2248 euos
970 2187 1799 2268 glministenet,atqueJudicanda,maximepropterillud

80 2277 918 2354 negligantquousquesimilitudinemsuamnigrescentl·
971 2283 1049 2356 quod
1061 2282 1203 2339 Dominus
1213 2298 1265 2354 per
1274 2280 1448 2355 prophetam
1455 2277 1545 2335 dicit:
1559 2278 1611 2336 asi
1620 2293 1802 2336 nouanuun-

80 2369 139 2426 bus
149 2365 299 2442 plumlsiu
310 2365 369 2424 illis
379 2365 588 2440 inspiciantln
600 2367 708 2440 quibus
718 2366 918 2424 similitudini·
971 2370 1089 2428 tiaveris
1104 2370 1205 2444 iniquo
1224 2369 1410 2445 iniquitatem
1425 2383 1521 2438 suem,
1537 2366 1712 2442 sanguinem
1737 2367 1801 2439 ejus

80 2459 140 2514 bus
157 2453 351 2530 noemystice
364 2471 528 2523 monemur,
544 2455 616 2511 utsi
631 2454 683 2512 lilii
698 2455 749 2514 Del
764 2455 918 2530 essecupi·
971 2462 1007 2518 de
1035 2476 1125 2517 manu
1152 2463 1206 2517 tua
1232 2459 1381 2533 requiram
1410 2455 1517 2525 (Erech.
1544 2457 1655 2530 mm).
1673 2477 1687 2508 ιι
1708 2457 1803 2516 liutet

81 2561 162 2613 mus,
173 2549 288 2601 aeterne
303 2543 445 2602 claritatis
454 2544 562 2620 gaudia
573 2545 681 2601 mentis
691 2545 777 2602 oculo
787 2549 917 2601 contem·
972 2550 1052 2607 etiud
1067 2547 1251 2607 discretionis
1262 2565 1356 2622 genus
1370 2547 1401 2605 in
1416 2545 1592 2604 comotione
1608 2546 1736 2604 lhaterne
1750 2545 1801 2602 cb-

80 2635 212 2710 plemur,
228 2637 258 2690 et
271 2632 391 2707 superni
406 2632 536 2707 parentis
547 2632 771 2690 similitudinem
787 2633 817 2690 iu
832 2632 917 2690 bonis
972 2637 1157 2704 servandum,
1172 2639 1205 2692 ut
1220 2636 1257 2706 si,
1272 2635 1352 2692 verbi
1368 2636 1472 2708 gratia,
1486 2633 1632 2691 occultum
1643 2637 1689 2691 est
1702 2649 1802 2706 pecca·
1899 2688 1902 2696 .

81 2720 409 2790 actibusostendamus,
418 2719 647 2796 utimpleaturtn
659 2723 744 2780 nobis
754 2721 826 2779 illud
838 2721 917 2796 quod
970 2732 1046 2798 tum,
1060 2724 1173 2783 occulte
1183 2724 1313 2796 corrigas
1324 2726 1353 2780 et
1363 2723 1511 2790 emendes,
1525 2725 1643 2795 propter
1654 2721 1710 2778 boc
1720 2721 1799 2794 quod

83 2815 150 2887 ipse
164 2812 206 2869 ait
227 2811 257 2868 in
282 2811 457 2886 Evangelio:
473 2833 488 2862 ιι
505 2812 613 2868 Luceat
631 2810 681 2870 lux
703 2817 800 2868 uestra
818 2827 917 2870 corum
974 2815 1116 2873 Dominus
1136 2813 1224 2870 dicit:
1241 2835 1255 2864 ιι
1272 2813 1302 2870 si
1317 2811 1425 2868 videris
1439 2811 1560 2868 lintrem
1574 2815 1660 2867 tuum
1675 2823 1800 2882 peccan-

83 2897 269 2970 bominibus,
286 2901 319 2956 ut
332 2899 448 2958 videant
463 2917 551 2974 opera
563 2901 639 2956 bona
652 2903 758 2968 vestra,
768 2904 797 2956 et
807 2898 918 2976 glor-ill·
970 2909 1041 2973 tem,
1057 2903 1171 2976 cora-ipe
1184 2917 1253 2960 eum
1267 2900 1344 2958 iuter
1356 2903 1385 2958 te
1399 2903 1428 2956 et
1441 2897 1540 2972 ipsum
1557 2896 1688 2956 solum.»
1701 2897 1732 2954 Si
1747 2913 1798 2954 au·

84 2995 155 3046 cent
169 2989 285 3046 Petram
299 2993 429 3046 vestrum
439 2989 529 3062 quiin
547 2989 628 3046 omlis
639 2988 789 3060 cetthim).
803 3011 817 3040 ιι
832 2989 918 3046 'l'este
970 2998 1030 3051 tem
1046 2992 1236 3050 manifestum
1250 2993 1279 3048 et
1288 2987 1441 3064 publicum
1450 2993 1496 3045 est
1510 2990 1672 3062 peecatum,
1684 2984 1800 3060 publice

85 3077 167 3135 enim
182 3075 314 3151 apostolo
329 3075 431 3136 Petro:
461 3078 551 3156 Cujus
571 3093 659 3150 opera
674 3075 741 3133 lacit
769 3076 830 3152 qui,
853 3077 918 3150 ejus
972 3097 1062 3156 mgna
1075 3085 1106 3139 et
1118 3080 1252 3149 emenda,
1268 3082 1387 3153 propter
1400 3076 1473 3134 illud
1487 3077 1567 3151 quod
1577 3074 1732 3151 Apostolus
1743 3075 1799 3132 ait:

85 3165 169 3223 filius
183 3165 442 3240 appellatur.Uude
451 3166 560 3223 Paulus
576 3183 629 3223 nos
644 3165 782 3224 admonet
797 3165 896 3224 dicens
909 3183 915 3234 ;
931 3145 955 3216 ss
974 3193 990 3225 ιι
1004 3171 1176 3229 Peccantem
1192 3185 1290 3226 coram
1304 3167 1443 3225 omnibus
1456 3181 1557 3239 argue,
1568 3167 1641 3222 utet
1654 3165 1750 3222 caeteri
1764 3163 1802 3220 ti·

90 3277 103 3306 ι
118 3255 220 3312 estote
229 3255 393 3314 imitatores
406 3255 468 3325 Dei,
480 3254 557 3314 sicut
565 3253 617 3311 sslii
628 3254 794 3324 charissimi
810 3255 917 3328 (eptas.
973 3277 1085 3318 morem
1100 3259 1228 3316 habeant
1241 3260 1267 3331 (1
1276 3259 1344 3315 Tim.
1360 3256 1420 3330 ιι.»
1427 3254 1547 3312 lltsicut
1554 3270 1606 3327 par
1613 3251 1800 3310 Salomonem

88 3349 128 3414 ιι).
148 3367 164 3395 ιι
177 3343 250 3402 ilinc
264 3343 393 3402 loannes
407 3343 464 3402 ait:
481 3367 496 3394 ιι
507 3343 570 3401 Filii
586 3343 636 3401 liei
649 3360 763 3412 sumus,
780 3344 831 3402 sed
846 3361 919 3401 nou·
973 3349 1095 3407 dieitur:
1111 3347 1166 3413 Oui
1176 3343 1297 3419 corripit
1305 3344 1519 3419 palam,pecem
1529 3342 1608 3400 lacit.
1625 3341 1659 3398 uc
1673 3341 1799 3398 iterum:

91 3433 164 3490 dum
175 3431 391 3507 apparuitquid
403 3433 524 3490 erimus.
541 3433 657 3490 Scimus
665 3437 763 3490 autom
772 3432 841 3508 q'uia
851 3449 919 3490 eum
954 3461 988 3491 -n
1006 3431 1799 3512 Respondestultojuxtsstultitiemsuamffroo.xxvii.»

92 3523 271 3595 apparuerit,
287 3520 399 3578 similes
413 3521 439 3578 ei
454 3521 575 3590 erimus,
592 3521 733 3594 quoniam
755 3521 921 3580 videbimur
972 3527 1016 3582 he
1032 3525 1087 3582 boc
1101 3521 1180 3581 euim
1194 3522 1294 3580 divina
1312 3519 1431 3595 iustitia
1450 3519 1556 3576 statuit
1569 3519 1600 3576 iu
1614 3517 1756 3586 Ecclesia,
1771 3521 1804 3574 ut

92 3625 162 3666 eum
176 3609 261 3668 sicuti
277 3615 322 3667 est
335 3611 360 3682 ll
372 3613 454 3672 loca.
471 3610 523 3684 ιιι).
532 3633 546 3660 ιι
973 3618 1053 3674 esset
1067 3617 1168 3688 pastor
1182 3609 1493 3686 iupopu10,prinoepe
1506 3609 1536 3666 iu
1551 3606 1669 3678 seculo,
1681 3610 1715 3664 ιιι
1724 3623 1803 3664 uuus

129 3722 144 3750 ιι
162 3697 254 3756 Nolite
264 3698 409 3772 judicare,
418 3703 447 3756 et
454 3714 511 3756 non
521 3697 737 3771 judicabimini.
750 3697 843 3756 Nolite
851 3717 921 3756 con·
974 3707 1130 3780 peccantes
1143 3699 1279 3774 corriget,
1296 3698 1369 3756 alter
1383 3714 1451 3756 vero
1464 3695 1635 3771 corrigendo
1650 3695 1803 3771 negligen-

93 3809 106 3837 ι
124 3788 273 3856 demeare,
297 3791 328 3844 ct
355 3801 413 3844 non
439 3787 718 3848 condemnabimini.
734 3809 749 3839 ιι
778 3789 923 3854 Quaeritur
974 3797 1020 3852 tea
1033 3792 1146 3866 puniat.
1163 3789 1285 3857 Quando
1300 3792 1399 3848 autem
1414 3786 1445 3842 in
1460 3789 1488 3842 te
1503 3785 1592 3844 lratm
1605 3788 1676 3842 tous
1690 3789 1801 3858 peccat,

94 3891 186 3948 quare
200 3876 402 3942 dieatnltolite
412 3876 547 3950 judicate
561 3879 591 3932 el
604 3875 894 3950 nonjudicablminl‚
906 3899 921 3930 ιι
975 3899 1044 3940 gum
1063 3880 1118 3938 levi
1133 3878 1313 3953 complicans
1327 3875 1442 3934 dimitte
1455 3874 1492 3931 ei.
1507 3874 1589 3932 Unde
1615 3879 1644 3931 et
1664 3873 1804 3932 subditur

93 3965 238 4038 cumipse
252 3964 324 4021 alibi
339 3965 448 4023 dixisse
462 3964 592 4038 legatur:
619 3964 666 4021 «Si
680 3965 789 4022 videris
802 3965 922 4022 tratrem
975 3972 1017 4028 ita
1030 3969 1080 4042 (a).
1096 3969 1152 4026 Sed
1163 3967 1233 4042 quia
1253 3983 1313 4023 non
1331 3963 1598 4022 sullicitdeclinare
1616 3963 1734 4032 amato,
1746 3963 1804 4020 nisi

78 4053 182 4110 'tuum
196 4059 375 4128 peccantem,
391 4055 509 4128 increpa
523 4053 607 4110 illum
619 4055 694 4124 (Luc.
705 4055 785 4126 xvir).
797 4075 812 4104 ιι
820 4054 855 4113 itt
866 4053 923 4110 alio
976 4045 1805 4134 quisquestudeatlacerebouum,postquemdenonludi·

95 4139 180 4197 loco:
196 4165 210 4192 ι
225 4143 255 4199 Si
271 4141 472 4216 peccaveritin
486 4147 515 4198 te
534 4143 622 4201 scates
637 4147 716 4208 tuus,
730 4142 803 4200 vade
817 4146 846 4200 ct
859 4158 923 4200 eoc-
975 4147 1080 4206 caudis
1093 4145 1233 4221 proximis
1248 4147 1425 4216 preceptum
1441 4141 1532 4207 dedit,
1548 4140 1673 4197 formam
1688 4139 1736 4198 cui
1752 4139 1805 4196 im·

95 4228 162 4300 ripe
175 4247 240 4288 eum
267 4229 344 4288 iuter
358 4235 386 4288 te
400 4235 429 4288 et
442 4230 541 4304 ipsum
563 4229 669 4288 solum.
685 4229 715 4286 Si
731 4234 759 4287 te
787 4230 924 4300 audierit,
978 4237 1142 4313 primanus,
1156 4232 1295 4301 ostendit,
1311 4231 1431 4288 dicens:

95 4315 292 4377 lucratuseris
303 4319 422 4376 fratrem
434 4321 562 4389 tuum3si
573 4325 671 4378 eutem
682 4323 710 4376 te
721 4335 779 4376 non
787 4319 923 4390 audierit,
1014 4349 1028 4379 ιι
1045 4323 1198 4393 Dimittite,
1214 4327 1242 4379 et
1256 4319 1422 4378 dimittetur
1434 4318 1527 4376 vobis.
1546 4340 1560 4370 ιι
1573 4317 1655 4382 Quod
1669 4321 1716 4375 est
1727 4315 1806 4375 dice·

98 4406 205 4466 fflhlbe
227 4415 324 4467 lecum
350 4425 443 4466 unum
463 4408 508 4466 Vel
523 4409 598 4466 ⁶⁰⁰⁸
613 4410 721 4483 (mull-
737 4413 826 4479 ιιι111).
844 4431 856 4461 ι
880 4409 925 4466 Ad
978 4433 1029 4474 re:
1045 4413 1190 4472 Dimittite
1205 4408 1394 4485 peccantibus
1409 4407 1439 4465 iu
1453 4405 1548 4474 robis,
1571 4411 1600 4463 et
1621 4406 1808 4464 dimittentur

99 4498 177 4565 quoe
192 4499 440 4574 respondendum,
456 4499 527 4574 quia
541 4499 570 4556 in
591 4497 773 4572 coemptione
786 4497 924 4567 innisa,
941 4513 964 4578 p
980 4505 1062 4563 ιιιιιιι
1078 4504 1311 4576 peccaremus.
1327 4497 1389 4555 hoo
1405 4496 1595 4556 solomonem
1609 4495 1683 4552 aiios
1698 4499 1808 4552 ιιιιιιιι

101 4581 164 4641 hec
177 4585 359 4645 discretionis
372 4587 474 4664 regule
487 4588 623 4656 tenendo,
636 4591 669 4644 ut
683 4585 794 4644 scilicet
804 4587 927 4645 manile·
977 4594 1110 4668 judicare
1120 4609 1178 4649 nou
1194 4589 1345 4656 debemus,
1356 4589 1407 4644 sed
1418 4586 1506 4644 etiam
1516 4585 1564 4644 his
1573 4584 1624 4659 qui
1634 4601 1688 4642 uos
1700 4583 1808 4657 injuste

102 4673 296 4748 'stillim
311 4675 439 4744 meimet
456 4675 878 4748 Vilesslubttlrflltfflssdtsslurt
893 4692 929 4732 0⁸
978 4679 1115 4756 judicant
1141 4677 1276 4735 excorde
1303 4674 1461 4732 dimittere.
1492 4673 1583 4748 igitur
1608 4670 1756 4730 dimittere
1770 4671 1807 4727 ad

103 4773 180 4832 vero,
196 4779 259 4836 qne
282 4779 342 4837 quo
366 4764 464 4822 animo
479 4765 583 4822 dente
611 4763 752 4838 proximis
766 4763 927 4838 ignoratur,
981 4765 1161 4845 ignoscenda
1184 4769 1303 4841 peccatu
1317 4763 1453 4838 pertinet,
1464 4764 1551 4837 juxta
1565 4761 1642 4836 quod
1665 4758 1808 4817 ltomiuus

103 4863 162 4904 non
176 4854 245 4908 sunt
263 4852 435 4925 judicanda,
464 4855 514 4911 ted
529 4852 627 4926 polius
653 4856 735 4909 01²?ss
755 4851 928 4927 lntfflptlio·
982 4859 1051 4917 alibi
1067 4857 1109 4916 eit
1122 4855 1228 4931 (llctth.
1241 4854 1293 4928 vil:
1306 4876 1321 4906 ιι
1330 4853 1362 4912 Si
1377 4849 1549 4910 dimiseritis
1561 4848 1731 4910 bominibus
1745 4861 1810 4922 pac·

105 4951 171 4994 nem
185 4941 364 5015 accipienda.
380 4943 456 5000 Sunt
470 4943 548 5000 enim
564 4943 697 5018 quaedam
712 4956 811 5014 opera,
822 4959 886 5016 que
900 4946 930 4998 et
983 4951 1048 5006 catu
1062 4963 1175 5009 eorum,
1190 4949 1219 5002 et
1234 4943 1318 5000 Pater
1330 4945 1426 5000 vester
1439 4941 1568 4998 dimittet
1585 4939 1667 4997 vobis
1691 4941 1810 5011 peccate

105 5023 178 5083 bono
189 5035 218 5085 et
229 5029 308 5086 melo
316 5031 416 5091 auimo
424 5031 486 5090 lieri
501 5035 625 5105 possunt
636 5048 643 5099 ;
654 5030 691 5087 de
700 5028 809 5086 talibus
818 5031 930 5103 pericu·
982 5038 1088 5094 vostra.
1105 5057 1119 5087 ιι
1136 5035 1172 5091 lit
1184 5031 1274 5088 item:
1290 5053 1305 5082 ιι
1322 5030 1395 5086 Cum
1410 5029 1527 5086 stabitis
1541 5029 1577 5085 ad
1592 5027 1747 5096 orandum,
1765 5024 1809 5084 di·

105 5112 530 5192 losumestjudicsre,maxime
540 5117 928 5190 necundemnemur.Siouti,
982 5125 1089 5182 mittite
1103 5121 1128 5182 si
1139 5122 1209 5197 quid
1221 5119 1335 5176 habetis
1346 5117 1487 5175 adversus
1498 5115 1626 5189 aliquem
1636 5116 1729 5189 (licre.
1739 5114 1808 5190 xil.»

106 5205 182 5262 verbi
195 5207 300 5281 gratia,
315 5209 398 5266 vides
411 5207 540 5283 aliquem
552 5207 718 5282 frequenter
728 5209 931 5280 nonJeJuuan·
983 5214 1065 5280 Quod
1081 5215 1178 5270 eutem
1194 5205 1346 5280 adjungit:

109 5293 174 5362 lem,
185 5293 244 5352 noli
260 5294 388 5354 multum
398 5296 527 5369 laudare,
541 5312 635 5371 neque
646 5294 771 5354 multum
781 5295 929 5366 detestari,
1021 5323 1035 5353 ιι
1052 5300 1124 5358 Date
1139 5303 1168 5356 et
1182 5297 1300 5354 dabitur
1312 5295 1405 5352 vobis.
1423 5317 1437 5346 ιι
1453 5295 1495 5351 Ad
1510 5295 1638 5353 dandam
1653 5293 1812 5366 eleemosy-

110 5379 173 5451 quia
189 5387 287 5456 potest
305 5385 368 5442 lieri
384 5390 418 5443 ut
431 5391 549 5460 propter
561 5385 763 5442 infirmitatem
787 5386 931 5444 stomachi
985 5407 1052 5446 nam
1067 5389 1203 5463 pertinet,
1213 5384 1336 5444 Domino
1352 5383 1421 5442 alibi
1435 5384 1567 5442 dicento:
1584 5407 1598 5437 ιι
1607 5383 1679 5441 Date
1688 5381 1813 5439 eleemo-

106 5466 235 5544 jejcuare
249 5489 308 5530 non
322 5475 479 5547 pensitant
493 5480 610 5550 propter
621 5473 784 5549 appetitum
799 5474 874 5550 gule
886 5475 931 5550 je·
985 5495 1099 5558 synam,
1110 5481 1139 5537 st
1151 5491 1218 5536 eece
1232 5472 1332 5536 omnia
1343 5473 1455 5534 munda
1464 5477 1535 5533 eunt
1547 5472 1629 5534 vobis
1640 5473 1718 5548 (uo.
1733 5467 1812 5544 ιιι.»

142 5561 178 5633 (ιι)
193 5559 247 5620 llic
260 5559 305 5621 vel
321 5563 403 5623 deest
417 5563 539 5640 aliquid,
554 5563 600 5624 uel
614 5563 745 5624 mundat

265 5681 398 5758 ιιιιιιι.
421 5691 552 5762 ιιιιιιιι.
1026 5701 1032 5708 ·
1612 5685 1654 5754 ¹⁰
