3872 6168
200 339 259 400 tta
469 329 673 395 Heluetiis
697 329 964 391 uniaeuusvnv.
989 325 1113 388 bulso.
1137 327 1222 388 tire.
1246 328 1360 392 Plus.
1385 330 1424 391 il.
1442 363 1478 376 -
1496 331 1626 394 HOiiii..
1819 339 1864 399 liti

198 473 222 528 si
241 471 364 528 diceret:
375 467 524 534 Quomodo
539 482 573 522 ex
589 464 726 520 omnibns
740 467 769 518 ln
782 463 863 518 solus
875 477 1025 517 remancre
1041 462 1066 527 ,t
1083 460 1165 516 icariis
1179 462 1320 536 restringe
1332 463 1476 520 luxuriam
1489 465 1554 534 (lui.
1567 469 1689 536 xxxvio).
1703 489 1713 512 ι
1733 467 1794 523 ilinc
1808 477 1830 526 ct
1842 473 1863 528 in

197 557 330 633 potuisti,
342 555 536 628 uiigaorarea
546 573 580 611 ea
590 571 652 625 qua
661 554 818 608 factasunt
829 550 1025 607 hisdiebusin
1079 550 1166 606 laude
1193 552 1302 624 ioseph
1318 554 1502 610 dictumest:
1529 579 1542 606 ι
1559 554 1636 610 illisit
1650 561 1714 611 ante
1726 575 1770 612 eos
1791 558 1863 616 virum

196 644 372 712 Jerusalem,
383 644 511 700 manime
521 647 629 710 autem,
641 657 707 699 cum
720 645 837 715 propter
847 639 1026 712 magnitudi·
1081 637 1156 710 (Gcn.
1173 641 1267 712 ravi»
1279 641 1351 696 Hinc
1361 642 1450 698 eliam
1468 643 1620 700 Psalmistn
1633 660 1683 699 nos
1692 645 1819 716 admonet,
1832 648 1865 704 ui·

197 751 265 794 nam
279 751 364 792 suam
379 732 452 790 nulli
468 749 532 790 esse
553 731 703 804 incognita
719 729 859 802 possint?
882 728 938 784 bed
954 727 1026 784 illud
1081 744 1163 784 cens:
1182 753 1195 780 ι
1212 728 1342 787 Viriliter
1361 731 1448 804 agite,
1465 736 1494 788 et
1512 733 1684 788 contentetur
1698 740 1865 806 corvestrun,

200 822 481 898 pretermittendum
499 837 556 878 non
566 825 621 886 est,
633 819 711 892 quod
727 820 755 874 ia
771 817 915 892 peregrini
931 815 1027 890 specie
1081 817 1245 892 omnesqui
1257 821 1381 892 speratis
1392 820 1420 876 in
1433 821 1555 877 Domino
1567 822 1651 894 (Paci.
1662 825 1751 890 nnat»
1762 824 1808 879 sod
1817 823 1867 882 lico

202 913 345 972 Dominus
355 915 513 984 postauam
527 908 768 966 resurrectionum
778 907 931 980 discipulis
942 922 1029 978 appa·
1082 905 1117 961 de
1127 907 1866 984 ejusresurreetionodubiinonentotodiscipuiierant,

203 1019 267 1060 rere
280 999 381 1058 voluit.
397 998 570 1072 Peregrinus
593 997 671 1053 enim
693 1002 755 1053 erat
774 997 877 1064 iilis,a
902 1013 1027 1069 qnorum
1083 1011 1150 1050 eum
1166 995 1322 1052 Dominum
1339 998 1546 1071 prophetarum
1566 1000 1729 1073 prophetam
1747 1002 1866 1070 vocabant,

205 1087 381 1146 mortalitate
396 1086 482 1160 louge
495 1085 632 1142 distabat
656 1085 721 1140 Sive
736 1087 813 1140 certe
828 1083 856 1138 in
883 1082 1028 1156 peregrini
1084 1085 1868 1162 nametipsodeseipsoait:«Nonestprophelasinchoao·

204 1176 300 1251 specie
310 1175 454 1249 apparuit,
467 1178 500 1230 ut
508 1191 610 1230 eorum
622 1179 735 1230 mentes
748 1174 784 1229 ad
799 1173 1029 1229 misericordiam
1084 1190 1124 1240 re,
1136 1173 1192 1229 nisi
1203 1173 1231 1228 in
1246 1175 1340 1247 patria
1350 1193 1406 1232 sua
1416 1176 1519 1248 (liciti.
1532 1181 1603 1246 ιιιι).
1613 1199 1626 1228 ι
1640 1177 1674 1232 Et
1685 1177 1791 1232 ilerum:
1803 1205 1813 1227 ι
1823 1179 1867 1234 ¹ina

204 1268 382 1340 pmvocacet,
399 1269 509 1320 etcum
526 1279 612 1336 quem
629 1263 719 1318 Deam
736 1263 866 1318 nondum
878 1277 1031 1334 eognosca-
1084 1263 1719 1335 oportetpropbetamoccidiextraierusaiem
1730 1269 1868 1338 (tiramni

204 1356 286 1420 bant,
302 1353 405 1410 saitem
422 1357 453 1408 ut
469 1354 654 1425 peregrinum
670 1357 812 1408 amarent.
830 1352 860 1406 ln
885 1349 1030 1425 peregrini
1085 1352 1119 1406 Et
1133 1350 1161 1406 in
1175 1353 1239 1422 ejus
1249 1369 1373 1424 persona
1383 1369 1435 1425 per
1446 1355 1563 1426 Moysen
1575 1354 1693 1410 dicitur:
1706 1379 1718 1404 a
1732 1355 1868 1426 Prophetae

204 1443 300 1517 specie
316 1457 432 1515 quoque
448 1441 593 1514 apparuit,
609 1444 642 1496 ut
656 1457 721 1508 nos,
742 1441 790 1512 qui
815 1442 946 1496 membra
967 1441 1032 1511 ejus
1084 1441 1166 1496 vobis
1176 1441 1330 1496 suscitabit
1343 1442 1419 1498 Deus
1434 1442 1469 1498 de
1485 1443 1625 1498 iratribus
1640 1443 1746 1510 vestris,
1761 1447 1869 1515 boquea

204 1549 320 1601 sumus,
332 1532 361 1588 in
378 1531 432 1588 hac
449 1531 507 1586 vila
527 1530 695 1602 peregrinos
710 1535 738 1586 et
753 1530 880 1586 advenas
896 1546 949 1586 noa
968 1545 1033 1584 esse
1086 1544 1146 1584 mc:
1158 1529 1254 1600 ipsum
1266 1529 1391 1585 audictis
1402 1533 1494 1599 (Dect.
1507 1532 1597 1602 xviri),
1608 1531 1869 1604 »Potensprimunin

205 1622 380 1679 sentiamus.
396 1618 569 1692 Peregrinus
584 1619 662 1674 enim
678 1617 774 1674 dicius
789 1623 843 1686 est,
867 1617 951 1690 quasi
968 1634 1032 1690 per·
1086 1634 1182 1690 opere,
1195 1618 1299 1674 deinde
1314 1617 1343 1673 in
1360 1635 1493 1675 sermone
1504 1619 1628 1676 dicitur:
1642 1620 1709 1692 qnia
1722 1620 1790 1693 quod
1800 1619 1872 1674 docuit

206 1727 278 1785 gens
287 1708 413 1782 lougius,
430 1709 490 1764 sive
501 1724 661 1781 peragrans
672 1706 776 1763 aliena.
791 1709 852 1772 Quo
862 1707 978 1763 nominc
990 1705 1033 1763 iili
1086 1705 1191 1770 verbis,
1204 1707 1333 1762 ostendit
1342 1706 1492 1780 exemplis,
1504 1709 1582 1764 siout
1596 1710 1790 1781 scriptumest:
1803 1708 1872 1770 «Quia

207 1794 810 1870 censentur,quiapropriosoloexpuisi,
827 1795 1273 1898 reditumcuchoepitJesus
1302 1795 1395 1852 lacere
1424 1801 1453 1851 et
1478 1797 1585 1853 docere
1605 1799 1671 1869 (Act.
1689 1797 1745 1869 ii.»
1768 1795 1874 1852 buinna

207 1888 319 1962 gemitu
330 1886 489 1960 suspirant.
507 1886 542 1941 Ει
557 1903 610 1942 nos
625 1901 743 1958 quoquc
753 1886 803 1958 qui
820 1884 948 1958 paradisi
959 1902 1033 1959 gau·
1088 1883 1165 1939 enirn
1177 1883 1343 1955 predicatio
1356 1889 1410 1954 est,
1423 1890 1455 1939 ut
1465 1884 1597 1957 primum
1606 1902 1690 1958 opere
1701 1884 1808 1958 impleus
1817 1885 1873 1956 quoi

208 1977 256 2034 dia
270 1975 436 2042 amisimus,
448 1973 580 2046 quandiu
591 1974 620 2029 in
631 1973 685 2030 hac
701 1975 759 2029 vita
771 1991 885 2042 sumus,
898 1975 927 2028 in
939 1973 1035 2030 aliena
1077 1977 1188 2045 -posteo
1200 1972 1296 2029 verbis
1315 1973 1430 2041 doceas,
1439 1975 1524 2045 juxta
1538 1975 1705 2048 exemplum
1721 1973 1826 2040 Domini,
1838 1971 1873 2044 qui

208 2065 303 2139 patria
317 2063 518 2122 consistimus.
544 2063 625 2118 Unde
645 2079 763 2118 accesso
778 2069 824 2118 est
846 2068 879 2118 ut
905 2061 1034 2136 quotidie
1089 2061 1143 2116 ait:
1160 2059 1292 2117 «Discite
1307 2079 1323 2116 a
1339 2079 1385 2117 me
1400 2063 1561 2135 quiamilis
1572 2081 1639 2120 eum
1650 2061 1874 2126 ethumliiscorde,

209 2171 277 2212 cum
286 2152 398 2226 gemitu
408 2153 443 2208 nd
455 2151 602 2224 propriam
615 2151 737 2225 patriam
748 2151 840 2208 redire
851 2151 1033 2218 festinemus,
1089 2155 1117 2204 oi
1133 2150 1286 2206 invenietis
1297 2151 1427 2222 requiem
1439 2151 1598 2207 animabus
1608 2152 1711 2208 vestris
1725 2151 1818 2224 (Militi.
1828 2154 1874 2216 ni.v

209 2242 338 2298 dieculas
352 2257 419 2297 cum
434 2240 582 2314 Apostolo.
609 2263 623 2290 a
641 2240 715 2296 Dum
732 2257 836 2296 sumus
861 2240 890 2294 in
916 2255 1035 2312 corpore
1091 2239 1166 2294 Rene
1189 2239 1307 2310 quidem
1331 2240 1459 2312 primum
1484 2257 1585 2295 coram
1611 2239 1677 2305 Deo,
1700 2239 1874 2296 deindecurm

210 2329 606 2405 peregrinamuraDomino:
619 2329 756 2400 quondam
769 2347 825 2386 non
837 2329 980 2384 habemus
990 2328 1036 2383 hic
1093 2327 1169 2384 omni
1187 2326 1293 2400 populo
1313 2335 1416 2400 potens
1430 2345 1493 2386 esse
1509 2329 1630 2398 dicitur,
1647 2335 1678 2385 ut
1693 2329 1720 2384 in
1735 2328 1804 2384 omni
1817 2341 1872 2398 opere

211 2425 377 2476 manentem
388 2418 605 2484 civitatem,sed
617 2418 930 2492 iuturaminquirimus
941 2422 965 2488 (i
974 2417 1033 2473 Cor.
1091 2421 1157 2472 ante
1173 2417 1272 2473 omnia
1282 2417 1339 2473 Deo
1355 2417 1468 2490 placere
1484 2418 1669 2475 studeamus.
1686 2419 1744 2474 b'on
1758 2418 1824 2474 enim
1836 2415 1874 2488 pri·

210 2515 249 2580 v).
262 2532 276 2560 »
294 2511 326 2568 in
341 2509 395 2566 hac
409 2506 642 2582 peregrinatione
653 2525 684 2562 se
699 2523 763 2564 esse
778 2507 921 2564 sentiebat
937 2505 1034 2576 David,
1091 2521 1172 2560 mum
1183 2504 1356 2577 placendum
1366 2503 1877 2579 esthominibus,sedprimumplaccre

211 2616 279 2658 cum
294 2598 423 2654 dicebat:
434 2595 600 2663 «Quoniam
610 2596 726 2652 advenae
739 2600 767 2652 et
776 2595 920 2670 peregrini
933 2612 1037 2652 sumus
1091 2594 1232 2650 debemus
1248 2594 1316 2661 Deo,
1333 2595 1438 2651 deinde
1458 2594 1646 2653 hominibus:
1664 2613 1720 2652 aen
1735 2596 1767 2652 ob
1781 2599 1878 2650 nostran

212 2689 290 2762 apud
300 2692 339 2755 te,
350 2685 427 2744 sicut
444 2701 547 2742 omnes
563 2690 660 2758 patres
671 2685 764 2741 nostri
779 2685 866 2754 (Psoi.
882 2689 1008 2756 ιιιιιιι).
1023 2707 1036 2732 »
1092 2681 1225 2756 gloriam,
1239 2683 1287 2738 sed
1302 2687 1334 2738 ut
1346 2683 1399 2754 ipsi
1411 2683 1545 2740 homines
1566 2683 1700 2756 placeant
1718 2685 1780 2750 Deo,
1794 2682 1830 2738 cni
1843 2696 1879 2736 ιιι

212 2778 248 2834 iit
262 2777 369 2833 iterum
382 2791 388 2830 :
408 2773 491 2830 ιΗειι
502 2773 587 2842 ιιιιιιὶ,
598 2774 669 2847 qnia
679 2772 822 2832 incolatus
832 2791 914 2830 mous
925 2772 1039 2846 prolon-
1092 2772 1206 2845 placere
1217 2771 1350 2840 viderint,
1360 2774 1445 2842 Juxta
1455 2773 1533 2845 quod
1549 2773 1694 2830 Dominus
1706 2789 1755 2830 nos
1766 2773 1879 2831 admonet,

213 2861 365 2940 gatusesti
377 2863 504 2920 habitavi
514 2862 791 2919 oumhabitantibus
802 2863 901 2932 Ceder,
911 2861 1038 2918 multum
1093 2860 1211 2917 dicens:
1229 2885 1242 2912 a
1260 2862 1366 2918 buceat
1386 2861 1435 2916 lux
1449 2865 1546 2918 vestra
1560 2879 1661 2920 coram
1685 2861 1841 2924 hominibus,
1859 2861 1880 2910 ut

212 2951 1040 3028 peregrinaiaestanlmamea(l'sot.cx1x).»Sedadhuc
1093 2949 1210 3006 videant
1224 2955 1320 3006 vestra
1341 2950 1417 3006 bona
1442 2967 1539 3024 opera,
1568 2956 1599 3007 et
1622 2951 1777 3026 glorificent
1796 2949 1880 3005 Patren
1923 2955 1924 2958 ’

213 3039 1038 3115 causasmmrorisDominusdiligentiusinquirit,dicens:
1092 3044 1233 3107 vestrum,
1246 3039 1294 3111 qui
1310 3038 1341 3094 in
1357 3039 1437 3096 cmiis
1452 3043 1497 3096 est
1511 3041 1619 3112 (liciti.
1631 3047 1670 3112 v).
1684 3063 1698 3091 »
1708 3041 1740 3097 Ει
1748 3037 1881 3112 Apostolus:

249 3154 263 3183 ι
279 3131 370 3196 Qua?
383 3153 395 3180 ι
411 3132 447 3186 nt
461 3128 503 3186 ilii
517 3130 594 3186 unde
610 3131 708 3186 tristes
728 3136 827 3188 cesant
850 3133 1039 3203 aperuerunt,
1095 3152 1109 3180 n
1126 3128 1311 3185 Providentes
1335 3129 1496 3198 bonanae
1516 3135 1636 3187 tantum
1660 3147 1754 3187 coram
1775 3129 1830 3192 Deo,
1849 3121 1883 3180 scd

204 3221 361 3289 dicentes:
385 3243 399 3272 ι
416 3219 456 3276 Ι)ε
479 3219 550 3276 iesu
578 3219 737 3286 Nazarena
754 3221 803 3292 qui
818 3219 872 3276 luit
899 3219 943 3274 vir
971 3199 1074 3292 pro-C
1093 3217 1181 3273 etium
1197 3234 1294 3272 coram
1310 3217 1449 3274 omnibus
1468 3217 1642 3276 hominibus
1667 3222 1750 3292 (Rom.
1768 3223 1819 3282 nn).
1833 3236 1843 3261 ι
1861 3211 1884 3266 Ei

211 3335 225 3361 ι
238 3309 336 3384 pheta,
362 3314 465 3383 potens
487 3308 516 3363 in
533 3313 662 3380 opereat
678 3325 812 3365 sermone
827 3324 924 3364 coram
942 3313 998 3365 Deo
1014 3313 1042 3364 et
1095 3306 1200 3361 iterum
1216 3323 1222 3362 :
1240 3330 1253 3356 a
1273 3305 1382 3362 Placete
1398 3307 1548 3376 omnibus,
1565 3309 1643 3364 sicut
1657 3313 1685 3366 et
1699 3324 1749 3382 ego
1763 3300 1885 3380 perennia

212 3422 227 3450 «
239 3398 320 3454 omui
335 3395 453 3470 populo.
467 3420 478 3448 ι
492 3395 594 3452 Virum
611 3401 639 3452 et
654 3396 825 3470 prophetam
842 3401 996 3463 testantur,
1013 3403 1043 3454 et
1096 3395 1235 3450 omnibus
1250 3393 1359 3469 placeo,
1378 3412 1436 3452 non
1451 3413 1586 3469 quarens
1603 3399 1682 3472 quod
1698 3397 1765 3454 mihi
1778 3399 1816 3451 esi
1827 3389 1884 3452 utile,

213 3484 319 3542 uitium
335 3485 386 3542 Dei
402 3489 518 3540 tacent:
542 3483 584 3540 vei
602 3485 672 3558 quia
686 3483 767 3539 dubii
783 3486 818 3540 de
833 3485 898 3555 ojus
913 3501 1041 3541 resurre-
1097 3485 1146 3541 sed
1164 3485 1241 3558 quod
1258 3485 1369 3552 multis,
1385 3489 1419 3540 ut
1434 3484 1505 3540 salvi
1522 3486 1596 3542 stant
1611 3488 1636 3559 (l
1650 3489 1714 3544 sor.
1727 3487 1787 3556 xl.»

215 3573 309 3628 ctione
324 3573 361 3628 ab
379 3571 543 3629 Jerusalem
560 3573 743 3637 recedebant,
760 3573 803 3628 vel
827 3571 896 3645 quia
919 3573 1042 3629 insidias
1133 3597 1146 3624 ι
1164 3574 1353 3646 Diquomodo
1364 3573 1629 3631 tradideruntoum
1641 3567 1886 3633 summisaccrdotes

215 3659 383 3716 iudeorum
407 3659 586 3715 metuebant.
616 3660 682 3714 iam
707 3658 785 3714 enim
806 3658 1044 3731 conspiraverant
1099 3669 1157 3718 «ct
1172 3663 1318 3735 principes
1344 3661 1480 3719 nostriin
1510 3663 1731 3722 damnationem
1757 3659 1848 3722 mortis,
1868 3657 1886 3707 el

216 3747 411 3817 iudai,utsi
436 3745 585 3818 quiscum
611 3747 797 3802 confiteretur
827 3746 934 3820 palam,
963 3753 1045 3804 entra
1098 3751 1426 3808 «crucifixerunteum.
1446 3751 1615 3810 »lliciiiud
1640 3752 1770 3827 discipuli
1790 3760 1887 3806 comme·

219 3853 396 3912 synagogam
409 3835 498 3891 tieret.
512 3834 585 3903 Ouia
594 3852 663 3910 ergo
673 3837 760 3892 iesus
772 3837 888 3892 liebraeo
899 3853 1043 3909 sermone,
1099 3845 1225 3908 morant,
1243 3842 1318 3913 quod
1337 3841 1472 3913 superius
1496 3843 1592 3898 lenius
1617 3841 1762 3915 Evangelii
1783 3835 1886 3896 declarat,

218 3927 318 3984 Latine
334 3925 465 3984 Salvator
474 3924 590 3995 dicitur,
608 3931 684 3982 recte
700 3925 753 3981 hoc
769 3927 886 3982 nornine
899 3930 1043 3992 censetur,
1098 3930 1343 4004 qualitersciiicet
1358 3947 1375 3985 a
1391 3931 1516 3986 summis
1533 3931 1736 3989 sacerdotibus
1751 3921 1887 4002 propterte·

217 4017 303 4089 cujus
318 4013 492 4072 resurreetio
507 4013 631 4070 salutem
644 4014 830 4071 credentibus
840 4014 977 4084 consulit,
991 4015 1045 4072 sie·
1097 4020 1205 4076 vidium
1214 4020 1339 4076 traditus
1350 4019 1389 4074 sit
1400 4019 1435 4074 ad
1447 4019 1690 4092 crucifigendum.
1704 4019 1756 4075 Sed
1768 4013 1827 4071 iilud
1837 4023 1888 4082 qut·

216 4108 249 4161 ut
264 4105 305 4162 ait
319 4102 468 4178 apostolus
483 4104 603 4160 Petrus:
621 4128 634 4154 ι
646 4104 708 4159 Non
722 4103 800 4160 enim
816 4108 860 4161 εει
876 4104 905 4160 in
920 4104 976 4161 alio
992 4103 1044 4160 ali·
1099 4110 1222 4165 rendum
1235 4112 1288 4174 est,
1301 4123 1391 4180 quare
1402 4106 1501 4162 dicant
1515 4125 1581 4164 eum
1599 4127 1618 4164 a
1634 4105 1807 4182 principibus
1820 4109 1887 4156 sacer·

216 4213 274 4270 quo
291 4193 382 4262 salus,
394 4210 489 4266 neque
503 4193 584 4250 aliud
601 4211 705 4250 nomen
723 4195 779 4251 sub
795 4194 866 4250 oculo
882 4196 983 4250 delum
1001 4198 1046 4250 est
1098 4198 1200 4252 dotum
1212 4196 1363 4263 traditum,
1375 4211 1442 4250 cnm
1453 4195 1586 4268 legamus
1597 4189 1888 4269 quodeumiudastra·

217 4284 639 4357 hominibus,inquooporteat
648 4283 830 4354 nossalvari(
847 4292 892 4340 lct.
903 4283 1046 4353 nv).»Quia
1099 4285 1215 4354 diderit,
1227 4284 1327 4340 dicens
1340 4301 1346 4339 :
1362 4306 1372 4336 ι
1386 4283 1459 4350 Quid
1470 4283 1558 4340 vultis
1569 4285 1643 4341 mihi
1655 4285 1733 4352 dare,
1744 4287 1770 4340 ei
1779 4267 1888 4352 cgovubis
1921 4349 1922 4352 Ἴ

121 4385 125 4390 “
217 4371 1045 4446 veroNaznnoeusinterpretatursnnetus,nocnomenilli
1099 4359 1556 4446 eum'tradamtnffliutiir.arnt)
1581 4361 1922 4442 Sedenhacqueslioae}

220 4463 586 4538 congruitquipeocatom
608 4461 758 4529 noniecit‚
777 4461 980 4518 necinventus
1002 4465 1047 4518 εει
1099 4441 1888 4534 iterumorituraiiaquaestio:quomodoiudasvcliudei

220 4553 307 4608 dolus
331 4551 360 4607 in
376 4567 424 4607 ore
439 4551 513 4623 ojus.
534 4550 573 4605 De
588 4566 645 4622 quo
661 4548 803 4621 scriptum
823 4554 885 4606 est:
908 4573 923 4600 a
940 4549 1046 4608 Scitote
1061 4572 1084 4636 D
1100 4567 1167 4606 oum
1184 4550 1339 4605 tradidisse
1353 4549 1498 4615 dicantur,
1515 4567 1582 4606 cum
1600 4549 1734 4624 legamus
1749 4543 1817 4620 quod
1831 4538 1890 4630 Pater

221 4640 360 4714 quoniam
375 4639 540 4694 mirificavit
555 4639 695 4694 Dominus
711 4643 845 4696 sanctum
862 4656 948 4696 suum
961 4640 1045 4712 (Paci.
1101 4657 1167 4696 eum
1183 4637 1345 4706 tradiderit,
1362 4637 1476 4694 dicente
1497 4636 1653 4710 Apostoloz
1685 4631 1821 4707 «Proprie
1841 4621 1890 4680 Filii

220 4735 269 4800 av).
283 4751 297 4779 ι
308 4730 341 4784 bt
350 4729 418 4784 item
430 4744 437 4782 :
447 4751 460 4777 «
471 4728 534 4782 Non
545 4726 628 4783 dabis
639 4733 775 4783 sanctum
785 4733 869 4784 tuum
880 4728 976 4784 videre
988 4745 1047 4784 eor·
1101 4745 1154 4785 suo
1170 4745 1227 4783 aon
1243 4727 1371 4800 pepercit
1385 4725 1473 4794 Deus,
1485 4727 1535 4782 sed
1547 4743 1598 4800 pro
1613 4727 1700 4784 nobis
1716 4720 1836 4780 omnibus
1848 4719 1890 4766 to·

221 4819 386 4893 ruptionem
412 4817 497 4890 (Psoi.
514 4817 588 4886 cxv).
607 4839 620 4864 ι
637 4816 712 4871 Rene
728 4820 858 4872 autema
882 4816 1046 4890 discipulis,
1102 4817 1175 4873 didit
1190 4815 1272 4871 iilum
1290 4817 1375 4888 (Roas.
1392 4815 1462 4887 vm).
1480 4836 1494 4864 n
1511 4815 1583 4870 Nam
1598 4821 1628 4871 ει
1644 4815 1707 4887 ipse
1722 4811 1793 4867 iilius
1812 4799 1889 4859 senici-

220 4909 389 4980 iicctqnem
412 4906 549 4962 videbant
564 4905 777 4978 ignorantibus,
794 4904 924 4962 Salvator
939 4907 982 4962 vir
997 4923 1047 4978 ap·
1103 4906 1199 4978 ipsum
1226 4904 1356 4972 tradidit,
1383 4903 1458 4960 sicut
1482 4904 1559 4959 idem
1591 4902 1746 4976 Apostolus
1765 4894 1825 4954 alibi
1848 4887 1889 4942 nil:

221 4997 355 5066 pellatur.
373 4995 423 5050 Vir
443 5011 605 5068 nnmquea
626 4993 737 5050 viribus
762 4995 858 5050 dictus
881 4999 934 5062 εει,
961 5000 990 5051 ει
1005 4994 1047 5050 iili
1103 5018 1117 5045 n
1134 4993 1187 5060 Qui
1212 4992 1312 5049 dilexit
1333 5009 1379 5048 me
1394 4996 1422 5048 et
1445 4991 1564 5048 tradidit
1588 4990 1775 5062 sonneiipsum
1799 4985 1891 5054 pt⁰1ii

222 5082 1048 5156 specialitorlnocnomenaptatur,quisoiusdisboiivires
1104 5083 1173 5156 (Gai.
1200 5083 1241 5154 u).
1259 5104 1272 5132 ι
1298 5083 1332 5137 Et
1357 5081 1480 5136 iterum:
1500 5106 1511 5132 ι
1528 5080 1682 5138 Ambulate
1705 5078 1732 5134 iu
1759 5067 1889 5130 dilectione.

222 5172 433 5242 resirrgendoa
454 5172 577 5229 mortuis
593 5173 687 5246 potnit
712 5173 904 5246 confringere,
933 5173 968 5229 do
992 5190 1049 5245 quo
1104 5172 1180 5229 sieut
1191 5175 1218 5227 ει
1231 5170 1363 5226 Christus
1378 5170 1478 5226 dilexit
1489 5187 1551 5238 nos,
1567 5173 1595 5226 et
1605 5167 1725 5225 tradidit
1739 5157 1890 5250 semetipsiln

222 5258 443 5330 scriptumest:
461 5283 475 5311 a
491 5261 562 5318 Ecce
577 5260 629 5331 vir,
646 5263 743 5318 orions
758 5279 863 5318 nomen
879 5261 943 5334 ejus
958 5262 1048 5335 (Zacit.
1105 5278 1156 5334 pro
1167 5260 1251 5316 nobis
1262 5259 1367 5332 (Epiros.
1384 5263 1422 5328 v).
1435 5281 1449 5308 n
1464 5259 1492 5313 Si
1509 5275 1577 5332 ergo
1593 5257 1676 5313 Pater
1685 5249 1797 5310 tradidit
1816 5239 1891 5300 filiun

221 5351 272 5420 vr).
285 5369 299 5396 »
315 5345 469 5404 Discamus
493 5365 561 5421 crgo
583 5355 611 5406 et
627 5368 679 5406 nos
696 5352 731 5406 ab
747 5352 796 5408 iiio
820 5351 973 5408 confortati
997 5350 1050 5406 viri
1104 5355 1132 5406 ει
1143 5349 1232 5406 ιἰιιιιε
1243 5349 1445 5420 semetipsum,
1456 5345 1689 5419 nunquidiudaei
1700 5319 1892 5426 etiudasincii·

221 5454 297 5501 esse,
313 5440 345 5492 ut
360 5435 467 5493 diaboli
484 5438 695 5496 tentationibus
706 5442 817 5497 lortitcr
827 5441 1010 5508 resistamus,
1022 5446 1052 5497 ει
1105 5438 1215 5512 pabilcs
1230 5441 1308 5504 sunt,
1323 5436 1347 5492 si
1362 5436 1416 5492 boc
1433 5436 1563 5491 iecerunt
1582 5434 1658 5508 quod
1678 5433 1759 5488 Pater
1772 5429 1797 5482 et
1807 5407 1891 5477 Filius?

222 5530 327 5584 cuncta
338 5527 459 5583 adversa
469 5525 592 5582 viriiiter
605 5527 854 5594 toleremuasicut
866 5530 933 5585 iecit
944 5529 991 5586 ilie
1003 5529 1050 5584 oui
1106 5532 1178 5596 lton,
1196 5527 1245 5582 scd
1271 5543 1329 5581 uno
1343 5523 1509 5581 traditionis
1522 5525 1610 5579 verbo
1625 5521 1741 5577 diverse
1762 5505 1891 5598 volunlaift

221 5616 333 5682 dictum
350 5619 409 5678 est:
422 5641 436 5670 ι
445 5614 570 5698 Accinge
580 5615 657 5674 sicut
666 5617 710 5676 vir
722 5617 837 5678 iurabas
848 5623 925 5692 tuos,
936 5621 965 5678 ei
975 5617 1051 5678 siout
1105 5633 1248 5694 expressa
1261 5619 1341 5674 sunl.
1358 5613 1490 5675 Tradidit
1505 5613 1584 5674 enim
1597 5610 1687 5670 iudas
1701 5607 1810 5686 propter
1821 5603 1890 5654 avau-
