3988 6180
101 361 110 400 c
132 352 194 413 rm
753 345 929 412 sosoma
949 342 1001 409 on
1023 345 1222 410 reuroua.
1785 324 1839 409 rso

130 481 325 558 ponderosius
339 479 557 538 multitudinem
568 483 764 554 peccatorum,
778 481 855 537 sieut
865 479 895 536 in
907 479 956 537 ze·
971 479 998 547 Α
1012 493 1128 553 semper
1142 477 1255 552 majora
1269 476 1420 536 consueuit
1433 479 1582 554 prestare,
1599 493 1688 552 quam
1707 443 1839 538 bumana

130 572 235 630 charia
248 569 376 645 legitur:
394 569 526 638 «vidiat
540 569 756 626 eccetalentum
768 567 881 644 plumbi
894 585 959 643 por·
1012 566 1157 642 fragilitas
1172 569 1246 626 sciat
1259 583 1372 644 rogare.
1389 567 1480 626 Nemo
1495 585 1563 642 ergo
1584 569 1620 626 ds
1638 568 1840 644 magnitudine

127 663 252 719 tabetnr
267 661 358 728 (zoob
371 660 410 731 v),
427 681 441 710 u
466 664 495 715 et
509 659 631 732 proiecit
648 657 778 716 illumin
789 658 885 716 medio
896 675 958 714 um·
1009 658 1057 714 ¹vel
1073 657 1263 714 multitudino
1286 662 1472 732 peccalorum
1496 657 1629 715 diffidere
1644 655 1740 727 debet,
1756 673 1790 715 ac
1804 659 1840 716 ds

114 736 243 823 spirare,
261 751 293 806 ei
306 748 425 805 diutim
441 736 564 803 licem
578 745 713 821 impietas
733 747 835 820 (itia),
852 770 867 798 a
882 748 960 804 sicut
1013 747 1078 819 ipsa
1093 745 1257 818 desperare,
1282 761 1349 802 cum
1366 745 1415 802 illc
1429 747 1479 820 qui
1495 747 1596 804 decem
1617 746 1710 804 millia
1731 747 1841 804 talentu

124 839 211 896 emim
222 835 495 895 talentumdiuersis
507 836 602 893 modis
613 835 960 910 ponderatumsicpeccs-
1013 835 1148 902 debebat,
1164 839 1193 892 et
1208 836 1381 909 patientiam
1402 838 1518 912 rogaret
1538 840 1571 892 ut
1586 836 1719 894 redderet
1742 836 1842 894 omnis

130 932 230 987 tunm
246 927 360 1002 species
372 926 493 983 diuersae
505 929 585 982 sunt.
595 925 738 992 Qnienim
755 925 958 995 homicidium,
1014 923 1168 982 eDcmino
1183 923 1359 997 impetravit.
1375 927 1461 982 Amat
1479 925 1558 981 enim
1574 926 1652 982 Deus
1674 928 1841 999 peccatores

131 1017 322 1085 adulterium,
335 1013 538 1098 sacrilegium,
551 1019 580 1072 ei
591 1018 697 1071 cetera
708 1013 755 1071 his
770 1013 880 1074 similia
894 1031 959 1090 per·
1014 1011 1349 1086 postecnucrsionsm,si
1358 1013 1476 1087 dignam
1483 1012 1591 1070 iaciant
1598 1013 1840 1072 satisfactionem.

130 1105 338 1180 petratquasi
352 1106 453 1162 decem
469 1103 563 1160 millia
576 1103 686 1160 islenta
701 1103 835 1161 debebat.
1014 1099 1701 1176 Quissicutipsedioitperprcphatam.nonuuit
1716 1109 1840 1161 mortem

168 1219 184 1246 o
197 1196 273 1252 ilum
287 1199 388 1252 eniam
403 1211 461 1250 nou
475 1193 598 1254 haberet
620 1187 699 1272 nude
713 1192 960 1266 redderei,J'nssit
1013 1190 1185 1266 peccatoris,
1200 1209 1214 1243 u
1224 1191 1276 1248 sod
1286 1193 1319 1248 ut
1329 1195 1514 1248 convertatur
1524 1191 1638 1248 etvivat
1649 1194 1756 1261 (liunt.
1771 1207 1841 1250 svin

131 1308 147 1335 u
161 1297 231 1341 eum
247 1283 386 1340 dominus
396 1279 569 1349 venundari,
584 1285 613 1339 st
627 1297 747 1339 uxorem
761 1281 825 1355 ejus
836 1279 959 1349 etiilios,
1014 1287 1040 1338 et
1053 1278 1163 1336 xxxiiii.
1181 1301 1192 1333 ι
1212 1279 1248 1337 lit
1261 1281 1387 1338 iterum:
1405 1303 1419 1332 u
1434 1281 1579 1350 Peccator,
1606 1297 1780 1355 quocunque
1794 1283 1841 1339 die

131 1396 147 1424 «
162 1378 193 1430 et
207 1372 388 1445 omniaque
411 1371 548 1450 babebat,
563 1375 593 1428 et
607 1370 700 1428 reddi.
719 1393 732 1420 u
746 1371 810 1427 Non
835 1371 961 1428 habebat
1015 1369 1266 1428 conversusiuerit
1276 1371 1457 1444 (idid.),»etc.
1467 1371 1656 1446 litsicutpius
1666 1371 1842 1446 Redemptor

132 1461 326 1520 servus-unde
336 1461 471 1518 reddam
483 1460 623 1527 debitum,
640 1461 709 1532 quia
724 1459 812 1534 digne
827 1476 879 1534 pro
894 1477 961 1533 poe·
1014 1457 1044 1516 in
1055 1457 1209 1533 Evangelio
1226 1459 1279 1516 ait:
1292 1461 1366 1527 Quia
1376 1483 1390 1511 u
1403 1477 1460 1517 non
1476 1461 1542 1518 veui
1560 1462 1777 1534 vocsrcjustcs,
1789 1464 1839 1520 sed

131 1551 207 1608 cetis
218 1549 278 1608 Dec
293 1549 462 1608 satisfacere
472 1561 530 1605 non
544 1551 639 1622 potest
648 1563 700 1623 per
713 1549 864 1623 proprium
876 1549 960 1607 meri-
1015 1552 1182 1621 peccatores
1193 1549 1408 1620 (Mirantu-
1417 1549 1614 1624 elitgaudiunn
1622 1549 1702 1607 estin
1712 1550 1784 1608 coelc
1794 1567 1842 1608 su·

130 1645 208 1697 tum.
236 1639 303 1696 Sive
327 1643 404 1696 certe
427 1637 590 1696 nonhabet
613 1653 713 1695 servus
735 1639 814 1696 unde
827 1638 960 1696 debitum
1015 1653 1068 1712 per
1081 1648 1140 1694 uno
1155 1639 1306 1710 peccatore
1321 1637 1521 1712 paenitentiam
1536 1642 1740 1712 agentequam
1751 1655 1842 1713 supra

131 1728 247 1796 reddet,
262 1728 331 1802 qnia
345 1732 480 1801 peccator
494 1727 523 1784 ln
540 1725 702 1800 disjodicii
717 1725 829 1784 nullam
844 1743 962 1785 excuso·
1015 1725 1176 1800 nonaginta
1184 1727 1450 1800 novemjustis,qui
1462 1743 1521 1783 non
1531 1727 1842 1804 indigentpoeiuitentia

131 1819 243 1876 tionem
268 1824 320 1892 pro
332 1815 472 1892 'meotis
488 1817 551 1874 suis
575 1816 711 1874 inveniet.
728 1817 784 1873 Sed
800 1817 870 1891 quia
884 1818 961 1874 Deus
1015 1815 1091 1886 (Luc.
1107 1815 1168 1888 vu).
1182 1835 1195 1864 u
1216 1813 1313 1872 Unum
1328 1819 1426 1872 autem
1442 1830 1628 1891 summopere
1643 1817 1841 1875 necessarium

131 1907 314 1976 miserimus,
343 1919 398 1963 nec
423 1903 486 1962 uuit
501 1910 667 1979 peccatores
695 1905 790 1978 perire
810 1909 959 1980 perpetuo,
1011 1907 1059 1962 est
1069 1903 1288 1978 poenitentibus,
1300 1909 1333 1961 ut
1346 1905 1423 1962 sicui
1433 1905 1487 1963 sili
1501 1922 1556 1962 sua
1570 1923 1587 1962 a
1601 1906 1660 1963 Deo
1675 1906 1784 1964 dimitti
1792 1919 1841 1964 vo·
1945 1909 1948 1922 ‘

126 1996 217 2070 jubet
226 1994 527 2063 servumuennndari,
536 2011 604 2051 cum
617 1998 798 2066 poccatorem
809 2006 861 2068 per
871 1994 963 2068 poeni·
1014 1992 1080 2050 lunt
1086 1993 1258 2066 peccata‚its
1265 1992 1403 2051 iratribus
1411 1994 1441 2050 in
1449 1995 1676 2067 sepeccantibus
1684 1994 1843 2053 clementer

126 2086 259 2144 tentiam
275 2083 406 2160 precipit
427 2082 590 2140 immutari.
607 2083 639 2140 ln
653 2080 868 2140 venundatione
883 2083 961 2139 anim
1016 2079 1178 2154 ignoscent.
1190 2085 1267 2137 Sunt
1280 2081 1358 2138 euim
1374 2079 1508 2138 nonnulli
1521 2081 1571 2156 qui
1586 2094 1653 2139 cum
1667 2081 1760 2140 Deum
1774 2099 1844 2157 erga

130 2161 188 2232 bec
199 2173 308 2248 egitur,
323 2177 357 2230 ut
373 2172 493 2230 alterius
508 2189 554 2228 res
565 2173 600 2229 ad
618 2171 738 2229 alterius
750 2176 881 2230 transeat
894 2185 962 2246 pos-
1017 2185 1049 2228 se
1064 2170 1225 2245 benignum
1240 2171 1493 2241 esse‘desideruut,
1504 2171 1647 2228 iratribus
1658 2171 1736 2240 duri,
1747 2171 1844 2246 asperi

130 2263 308 2322 necionem.
331 2263 367 2319 lli
379 2265 450 2319 tune
464 2259 637 2336 piriteiiter
651 2277 753 2318 seruus
766 2261 961 2330 venundatur,
1017 2259 1144 2316 etamari
1152 2259 1291 2318 eiristuut.
1302 2259 1431 2324 Quorum
1441 2255 1664 2318 similitudinem
1671 2259 1844 2319 videtsriste
1949 2289 1954 2296 ·

132 2353 253 2426 quande
267 2356 402 2426 peccator
415 2351 451 2408 'dc
465 2350 650 2426 possessione
665 2339 783 2418 dioboli,
800 2366 851 2424 pau
871 2351 963 2424 pecul·
1016 2351 1126 2416 tenere,
1141 2349 1178 2404 de
1193 2363 1251 2421 quo
1268 2348 1424 2406 subditur:
1788 2362 1791 2368 ’

129 2442 258 2499 tentiam
272 2441 308 2498 nd
332 2439 549 2513 possessionem
574 2437 752 2496 conuertitur
766 2437 827 2496 liei.
844 2439 965 2497 Venno·-
1056 2434 1270 2511 «idtegressus
1286 2451 1387 2495 semus
1401 2437 1461 2506 ille,
1476 2437 1588 2498 invenit
1610 2454 1704 2496 unum
1726 2441 1763 2498 de
1777 2453 1844 2498 con·

133 2531 225 2587 datur
234 2545 352 2602 qnoque
367 2545 438 2586 uxor
456 2531 487 2584 et
501 2527 554 2584 tilii
569 2525 636 2584 dnm
657 2543 734 2595 caro,
758 2545 822 2602 que
838 2531 964 2604 peccatis
1019 2549 1033 2577 «
1051 2527 1142 2583 servis
1166 2525 1239 2596 suis,
1265 2526 1316 2600 qui
1331 2527 1493 2585 debcbntei
1510 2532 1628 2586 eentum
1654 2529 1800 2597 denarios,
1816 2533 1845 2587 et

133 2619 336 2689 luit-subdita,
353 2621 382 2674 et
396 2616 587 2691 cogitationes
603 2615 734 2672 carnales
744 2615 774 2673 in
786 2609 902 2674 serdille
912 2617 964 2674 Dai
1019 2637 1033 2668 u
1049 2612 1715 2692 tanenssuffccabataum,diccns:lieddsquod
1725 2619 1843 2676 debes.»

133 2703 964 2782 immutet.iltquiserviuitimmuaditieetiniquitatiad
1018 2703 1173 2778 Egreditur
1188 2719 1301 2773 servus,
1325 2704 1442 2777 quando
1462 2703 1540 2761 liber
1559 2705 1640 2762 abiro
1653 2705 1842 2778 permittitur.

130 2795 338 2870 iniquitatem,
355 2796 462 2853 semini
472 2794 594 2869 justitie
608 2793 638 2849 in
649 2793 923 2865 sanctificationem,
937 2799 965 2852 et
1019 2791 1244 2850 suffocationem
1260 2794 1459 2865 supradictam
1474 2791 1677 2850 tribulationes
1692 2797 1721 2851 et
1734 2809 1844 2869 ungus-

130 2884 348 2960 prosnperbia
366 2883 574 2950 bumilitatem,
587 2899 644 2956 pro
657 2882 775 2940 luxoria
789 2883 963 2951 castitatem,
1018 2881 1162 2956 tiss,quas
1173 2879 1533 2956 aiingorebat,inlolligore
1543 2895 1713 2956 possumus.
1723 2883 1845 2957 Spirita·

131 2973 323 3048 proauaritia
333 2969 717 3050 diligatlargitatemdtqui
732 2975 818 3030 antea
832 2988 965 3045 procrea·
1020 2969 1095 3040 liter,
1112 2971 1697 3044 unusquisqneuestrumexiens,invcnit
1707 2973 1845 3031 unumdc

132 3067 219 3120 rarat
243 3059 321 3120 iiiios
344 3060 454 3118 dioboli
468 3059 544 3118 maie
567 3059 699 3118 uiuendo.
715 3059 750 3117 itt
769 3077 821 3134 par
834 3077 964 3131 uxorem,
1017 3059 1845 3136 'conservissuisdebentemsibicentumdsnarios,quan·

134 3149 287 3226 propriam
304 3164 422 3208 caruem
437 3148 600 3224 intelligere
616 3164 794 3223 possumus:
812 3165 864 3224 peu
876 3150 964 3221 filios,
1014 3149 1057 3208 'de
1072 3149 1271 3207 reminiscitur
1285 3165 1317 3206 se
1332 3149 1368 3214 ab
1384 3147 1440 3207 alio
1455 3166 1520 3208 esse
1534 3147 1648 3208 lassum.

135 3239 209 3300 uitia
222 3247 253 3298 st
267 3245 395 3316 peccate.
407 3237 461 3295 ¹Vel
478 3242 556 3296 cede
578 3237 679 3296 aliter:
703 3237 890 3296 venundatur
904 3213 1002 3298 ser-C
1057 3261 1072 3290 u
1087 3238 1243 3296 Precidens
1259 3243 1356 3297 autem
1378 3251 1479 3297 servus
1495 3238 1554 3310 ille,
1570 3239 1692 3315 rogabat
1706 3255 1785 3312 eum,
1801 3241 1846 3297 di-

134 3345 201 3401 uus,
216 3343 285 3386 cum
308 3329 453 3404 peccatori
468 3327 665 3400 impoenitenti
686 3333 827 3386 etemnrn
843 3329 965 3386 commi-
1020 3351 1034 3381 u
1051 3344 1136 3386 ecus:
1152 3328 1326 3386 Patientiam
1350 3327 1426 3385 habe
1441 3313 1475 3384 in
1494 3341 1551 3398 me,
1567 3334 1596 3388 et
1610 3317 1845 3390 omniarsddam
1941 3345 1946 3348 ·

135 3421 226 3476 netur
238 3416 467 3490 supplicium,ct
477 3415 626 3474 declinare
637 3433 656 3472 a
666 3415 795 3484 meimet
811 3418 905 3475 iecere
916 3419 965 3476 bc·
1022 3439 1033 3468 ι
1052 3416 1115 3474 tibi.
1130 3417 1267 3476 »lisdem
1282 3429 1351 3492 ergo
1366 3417 1462 3475 verbis
1478 3417 1586 3492 quibus
1605 3419 1759 3476 dominum
1774 3433 1847 3493 sup-

133 3515 208 3566 trem
220 3503 964 3581 cipmcipitur.Ve'nundantnrquoqueuxoreitilii,
1018 3507 1178 3582 plicaverat
1197 3521 1366 3565 accuservo
1380 3511 1500 3582 rogatus
1515 3513 1569 3576 est,
1598 3509 1649 3569 scd
1673 3522 1732 3566 nce
1757 3507 1846 3565 talem

130 3597 256 3670 qnando
277 3609 337 3651 non
351 3594 447 3651 solnm
464 3595 567 3652 enimse
583 3611 635 3668 pro
651 3596 791 3668 peccatis,
810 3597 861 3653 sed
876 3593 965 3654 etiam
1018 3596 1251 3654 misericordiam
1267 3611 1406 3654 conservo
1421 3587 1553 3654 exhibuit
1566 3595 1710 3671 qualemn
1723 3597 1846 3656 Domino

132 3685 216 3742 cerni
229 3681 383 3760 peccatrici
399 3697 484 3756 piena
500 3677 600 3740 eterni
614 3681 762 3739 eruciatus
786 3685 961 3758 predicitur.
1019 3689 1180 3759 acceperat.
1197 3683 1279 3742 Unde
1293 3688 1323 3742 et
1338 3684 1494 3744 subditur:

131 3771 427 3842 Qsodeumaudierit
437 3771 964 3850 seruusilequenterpostpeccatum,
1056 3799 1070 3827 «
1087 3771 1138 3833 llie
1154 3779 1252 3832 antem
1269 3773 1372 3845 noluit,
1384 3775 1436 3832 sed
1447 3775 1520 3832 abiit
1533 3775 1731 3834 etmisiteum
1742 3775 1772 3834 in
1783 3793 1846 3834 ear-

131 3864 239 3920 timote
261 3861 429 3919 concutitur
444 3861 480 3917 ed
503 3860 715 3934 poenitendum,
733 3861 783 3933 qui
799 3877 851 3934 pro
866 3875 965 3919 amore
1021 3885 1035 3916 u
1051 3877 1157 3930 cerem,
1174 3865 1266 3922 donec
1280 3864 1416 3922 redderet
1430 3863 1599 3922 debitum.»
1615 3861 1684 3924 blnli
1694 3869 1793 3924 autem
1805 3881 1847 3924 re-

131 3941 185 4010 boi
201 3947 297 4008 noluit
311 3955 412 4007 cauere
427 3939 592 4024 peecatum.
609 3947 691 4006 Unda
707 3953 736 4006 et
752 3949 904 4007 subditur·
1019 3953 1139 4010 tributio
1154 3951 1278 4009 carceris
1294 3952 1479 4010 conclusione
1500 3953 1545 4011 vei
1566 3955 1756 4014 suffocatione
1768 3956 1846 4014 desi·

95 4103 96 4106 ¹
169 4063 185 4092 ιι
199 4039 358 4118 Pmoidans
373 4043 472 4096 autem
488 4053 591 4096 seruos
614 4037 673 4106 ille,
690 4037 812 4112 rogabat
836 4055 904 4096 eum
920 4038 964 4094 di·
1019 4045 1136 4116 gnatur.
1154 4039 1245 4116 igitur
1255 4057 1353 4098 carcer
1367 4041 1395 4096 in
1412 4042 1467 4100 boc
1479 4041 1543 4100 loce
1558 4043 1688 4113 aiilictio,
1704 4029 1763 4118 qua
1777 4061 1845 4102 eum

131 4143 222 4187 cens:
239 4127 415 4186 Patientiam
438 4127 514 4186 bibe
533 4128 563 4185 in
591 4141 648 4196 me,
665 4131 694 4184 ct
721 4127 820 4184 omnia
842 4127 963 4185 reddam
1018 4131 1195 4200 coarctabat,
1213 4129 1536 4203 intelligiturllebitnm
1558 4132 1589 4204 in
1605 4131 1763 4205 Scripturis
1779 4149 1845 4206 pec·

132 4237 147 4270 u
165 4217 253 4276 tibi.»
264 4217 394 4275 Prodidit
408 4221 507 4274 antem
514 4231 618 4276 scmus
629 4221 809 4286 antalieum,
821 4233 889 4274 cum
900 4229 965 4290 pce·
1018 4224 1118 4276 catum
1132 4218 1238 4288 vocari,
1255 4229 1290 4274 ex
1314 4233 1347 4275 eo
1362 4217 1556 4292 intelligimus
1577 4219 1655 4292 quod
1670 4217 1800 4292 quotidie
1814 4221 1844 4278 in

131 4311 223 4376 ester,
248 4320 335 4367 susm
362 4303 549 4381 tragiliteiem
565 4319 788 4381 recognoscens,
813 4303 964 4364 humiliter
1018 4308 1148 4366 oratione
1163 4307 1324 4381 poscimus,
1340 4306 1470 4365 dicentes
1482 4325 1489 4364 :
1502 4331 1516 4360 α
1526 4307 1644 4366 Dimitte
1654 4308 1846 4367 nobisdebita

129 4397 249 4454 reniam
265 4395 403 4470 postulet,
417 4395 594 4454 dicenscnm
611 4395 770 4470 Propheta:
788 4419 802 4448 «
819 4396 962 4464 Quoniam
1017 4403 1117 4456 nostro
1133 4397 1236 4470 ilicttt.
1257 4399 1326 4468 uri.»
1346 4395 1429 4454 Unda
1440 4396 1469 4454 in
1486 4395 1548 4470 lege
1560 4397 1741 4472 precipitur:
1759 4398 1844 4456 Debi-

129 4484 321 4559 iniqnitsiem
337 4499 433 4542 mesra
443 4499 496 4560 ego
506 4484 650 4560 co'gnmeo
660 4487 848 4559 etptccatnm
860 4501 962 4543 meum
1017 4489 1081 4544 turo
1107 4485 1193 4544 debet
1207 4485 1259 4543 tibi
1282 4485 1430 4560 quispiam
1446 4486 1535 4544 irater
1550 4490 1631 4556 tuus,
1647 4486 1672 4544 si
1688 4485 1845 4546 abstuleris

131 4579 235 4632 noeirs
250 4560 354 4632 meast
365 4583 494 4650 semper.
510 4573 576 4632 ilibi
594 4573 649 4632 toli
666 4573 793 4647 peccavi,
808 4578 837 4632 et
850 4573 962 4631 melum
977 4584 1001 4658 p
1019 4595 1030 4627 ι
1047 4575 1155 4650 pignos
1180 4575 1217 4632 ab
1244 4589 1290 4643 ae,
1307 4573 1460 4631 setasolis
1476 4587 1614 4633 occasum
1636 4575 1731 4650 (deod.
1748 4577 1816 4648 xxm)
1830 4600 1844 4626 u

130 4663 352 4732 ememteieci,
368 4661 585 4737 utiustiilceris
600 4663 630 4720 in
646 4664 832 4722 sennonibus
847 4663 917 4734 tuis,
933 4665 963 4720 ei
1016 4662 1844 4746 pignusrcstltue.0mnisenimhomodebitorestetdabi·
1925 4693 1929 4699 ·

129 4755 233 4812 oseas
251 4769 318 4810 cum
330 4751 475 4826 judiceris
490 4753 575 4826 (Ptol.
593 4751 628 4826 a).
641 4773 656 4804 u
673 4751 766 4827 lingat
780 4767 898 4826 quoquc
912 4767 961 4826 pa·
1015 4755 1107 4811 torem
1119 4753 1216 4810 babet.
1228 4748 1299 4818 Quis
1309 4752 1387 4810 enim
1399 4757 1443 4812 cst
1465 4753 1515 4827 qui
1530 4769 1587 4810 nou
1601 4753 1640 4815 sit
1654 4752 1768 4810 debitor
1782 4752 1843 4822 liei,

130 4843 279 4912 tientiam,
297 4843 330 4898 ut
351 4841 470 4917 mgnum
486 4841 581 4915 possit
595 4835 959 4920 exhibere‘pmnitentiam,
1016 4855 1083 4900 cnm
1097 4839 1197 4899 dalius
1210 4841 1256 4898 sit·
1266 4839 1329 4899 sinc
1344 4845 1462 4915 peccato
1472 4843 1528 4899 illi
1538 4841 1605 4918 quis
1615 4842 1720 4916 estqui
1731 4839 1843 4900 debito·

130 4933 280 5006 quotenus
294 4929 447 5004 praesentis
462 4930 526 4988 vite
537 4929 599 4989 dies
610 4922 646 4988 ad
658 4929 791 4988 inducias
801 4929 961 5004 poenitendi
1015 4945 1078 4988 ram
1098 4945 1157 4989 non
1179 4929 1286 4988 habeat
1300 4931 1419 4988 fratrom
1435 4944 1535 4998 suum,
1552 4931 1608 4989 nisi
1624 4927 1673 4988 ΜΘ
1697 4930 1728 4990 in
1755 4937 1844 5009 quem

130 5020 267 5096 accipiet,
284 5025 315 5077 et
337 5021 501 5078 secundum
514 5019 697 5099 Apostolum,
714 5036 766 5095 por
789 5019 960 5094 patientiam
1016 5017 1742 5094 nulluspeccavittouantumauteminterdeccin
1750 5018 1845 5078 miliia

130 5109 181 5168 liei
198 5109 235 5167 sd
251 5108 453 5186 poenitentiam
477 5105 673 5168 convertatur.
700 5110 848 5175 Quantum
862 5113 961 5166 autem
1015 5105 1287 5167 taientaetcentum
1302 5106 1844 5183 denadcsdistat,tantomdjorasunt

130 5198 300 5258 miserimus
311 5195 392 5255 licus
409 5212 478 5274 erga
493 5203 660 5272 peccatores
676 5213 831 5256 couversos
845 5194 959 5269 existat,
1015 5213 1080 5274 qus
1095 5199 1125 5255 in
1138 5200 1229 5256 ileum
1241 5197 1464 5266 committimus,
1477 5213 1565 5272 quem
1576 5207 1682 5273 eaquae
1693 5199 1797 5257 iratres
1812 5199 1843 5256 in

130 5287 341 5346 meniiestatsr
352 5298 419 5344 eum
437 5285 583 5346 subditur.
1015 5281 1100 5346 nobis
1112 5287 1287 5362 peccentlia
1297 5300 1365 5360 ergo
1375 5284 1554 5360 benignitate
1566 5287 1706 5346 iratribus
1716 5287 1747 5346 ln
1758 5287 1843 5345 nobis

166 5377 333 5435 «Miserius
356 5377 453 5433 autem
480 5375 620 5434 dominus
635 5375 710 5434 servi
734 5371 823 5444 illius,
849 5377 961 5434 dimisit
1015 5371 1843 5452 peccantibusminoradimitteredebemus,quamejora

129 5493 143 5521 a
155 5465 412 5535 enm,atdebltt1m
422 5465 536 5524 dimisit
546 5467 582 5523 ei.
596 5465 691 5523 »bees
701 5465 780 5522 enim
791 5481 849 5521 nou
864 5465 959 5522 solum
1015 5464 1100 5523 nobis
1116 5483 1133 5520 a
1147 5463 1206 5521 lico
1222 5461 1330 5519 dimitti
1341 5467 1488 5536 optamus.
1498 5463 1580 5530 Quod
1591 5463 1697 5522 medus
1707 5463 1841 5538 agnosci-

129 5554 314 5632 patientiam,
331 5569 420 5634 quam
434 5555 727 5636 rogaveratinvenit,
740 5553 790 5611 sed
806 5553 894 5610 etiem
910 5555 959 5612 de·
1015 5571 1082 5612 mus
1098 5554 1122 5610 si
1138 5553 1318 5626 superiorem
1335 5551 1450 5610 Domini
1466 5553 1706 5623 admonitionem,
1724 5571 1757 5610 ex
1782 5566 1841 5624 qua

128 5644 182 5704 biii
197 5642 417 5704 absolutionem
443 5643 563 5718 aceepit.
589 5641 663 5711 Quia
684 5642 782 5700 divina
805 5637 960 5701 clementia
1014 5643 1075 5702 baec
1091 5641 1253 5702 similitudo
1267 5645 1331 5700 orta
1345 5647 1399 5710 cst,
1416 5643 1646 5703 consideremus.
1667 5643 1739 5700 Gom
1761 5637 1841 5698 enim
