3930 6172
105 399 151 461 ιιι
700 389 877 460 nonime
898 387 948 458 bn
970 387 1174 460 rancone,
1732 394 1792 470 aot

103 539 160 590 ιιειι
173 533 205 588 ad
221 531 308 587 lacere
323 530 502 587 voluntatem
519 530 612 587 Patris
627 531 701 602 ejus.
713 529 783 594 Quis
800 528 911 586 nesciat
924 531 951 598 Α
966 528 1099 602 quesivit
1113 527 1237 602 gloriam
1254 531 1318 602 ejus
1334 527 1460 602 quicum
1473 530 1563 600 misit,
1577 540 1792 613 quantomagis

103 623 148 678 boo
160 638 218 678 εεεε
230 621 322 676 lacere
337 619 515 676 voluntalem
532 619 593 689 Dei,
610 618 724 692 operari
740 635 814 690 opus
824 617 910 688 ejus?
966 635 1018 673 nos
1033 620 1098 688 ejus
1113 619 1162 690 qui
1180 635 1233 674 nos
1247 617 1339 674 iecit?
1353 619 1502 692 Sequitur.

101 712 126 767 id
140 709 261 782 estquod
277 708 319 764 illi
336 707 437 782 placet.
455 714 520 782 lpse
536 713 636 764 autem
656 705 797 763 Dominus
813 709 910 779 aperte
1001 729 1014 756 n
1032 705 1794 784 NonucMoyses‚inquit,deditvobislegem,etnemo

100 799 150 854 alio
170 797 228 854 loco
250 796 339 853 dicit:
355 820 370 848 u
387 797 446 854 lloc
471 803 516 854 cst
530 815 604 871 opus
627 797 678 854 Dei
693 800 726 852 ιιι
739 795 865 852 credatis
880 794 910 850 in
967 817 979 847 ι
997 811 1031 850 ex
1046 794 1128 849 vobis
1144 795 1212 850 iacit
1224 794 1344 868 legem?
1360 818 1374 844 »
1400 797 1473 852 Nom
1489 797 1514 854 si
1530 797 1624 872 legem
1641 801 1793 872 fecissetis,

98 904 156 944 cum
179 902 261 958 quem
288 885 335 942 ille
360 885 441 942 misit
455 887 548 958 (loon.
568 886 618 957 vr).
637 909 651 936 »
676 885 712 941 Ut
740 884 865 940 credatis
880 883 910 938 in
964 883 995 939 in
1007 882 1080 956 ipsis
1091 883 1356 940 litteristristum
1366 887 1605 958 agnosceretis,et
1618 895 1794 962 praesentem

95 991 164 1040 ειιιιι,
181 990 235 1029 non
252 978 284 1030 ιιι
299 973 425 1030 credatis
441 973 483 1030 ei:
510 991 568 1030 non
586 979 684 1030 autem
708 971 846 1029 continuo
860 970 911 1044 qui
965 989 1023 1030 non
1042 972 1224 1029 occideretis.

96 1062 176 1118 credit
187 1061 211 1117 ei
226 1061 316 1118 credit
327 1063 355 1117 in
369 1077 437 1118 eum
451 1080 458 1130 ;
474 1081 543 1118 nam
554 1065 583 1118 et
594 1063 741 1118 daemones
754 1061 913 1118 credebant
1003 1083 1017 1110 «
1033 1061 1106 1128 Ouid
1123 1079 1169 1118 mo
1184 1061 1314 1134 queritis
1326 1062 1508 1121 interlicere?
1518 1087 1531 1116 u
1546 1065 1613 1124 ldeo
1623 1068 1701 1126 enim
1716 1087 1793 1144 quas-

95 1151 125 1221 ci,
140 1157 166 1206 et
180 1168 235 1205 non
251 1151 409 1207 credebant
424 1150 454 1206 in
469 1167 548 1207 eum.
562 1151 675 1208 Rursus
690 1150 778 1206 etiam
794 1151 829 1206 de
845 1167 912 1223 epo·
966 1149 1031 1205 ritis
1048 1167 1095 1206 me
1106 1149 1278 1220 interficere,
1290 1152 1453 1224 quianemo
1468 1154 1792 1232 exvobislacitlegcm;

96 1239 168 1295 stolis
183 1239 275 1312 ipsius
290 1255 450 1312 possumus
471 1240 585 1297 dicere:
602 1238 754 1296 Credimus
770 1256 822 1312 per
835 1238 911 1294 Pau·
966 1261 980 1288 n
997 1239 1148 1312 rospondit
1168 1239 1194 1295 ci
1216 1240 1321 1296 turba:
1339 1263 1353 1290 n
1373 1241 1447 1308 Ouid
1473 1245 1656 1316 responderit
1679 1245 1790 1304 videte:

95 1327 157 1394 lum,
173 1328 221 1382 sed
239 1327 460 1384 concredimus
486 1328 515 1383 in
532 1327 672 1396 Paulum;
689 1328 837 1384 credimus
860 1343 912 1400 per
966 1349 981 1377 ι
998 1327 1181 1384 Daemonium
1198 1328 1312 1385 habes?
1332 1328 1402 1394 Quis
1417 1335 1444 1386 ιε
1460 1331 1564 1403 querit
1578 1332 1764 1392 interficere?
1779 1361 1789 1386 ι

95 1415 208 1472 Pctrum.
229 1416 280 1471 sed
298 1433 355 1471 non
371 1416 519 1472 credimus
535 1417 564 1472 in
586 1415 714 1472 Petrum.
738 1415 866 1472 Credidit
880 1415 910 1470 in
966 1415 1054 1480 Quasi
1063 1434 1120 1472 non
1133 1416 1187 1473 luit
1198 1418 1282 1489 pejus
1292 1416 1397 1487 dicere,
1409 1418 1590 1478 Damouium
1602 1421 1693 1480 babes
1703 1441 1793 1498 quam

93 1521 149 1560 eum
165 1503 213 1577 qui
224 1505 372 1576 justificat
387 1504 523 1579 impium,
540 1507 699 1578 deputatur
713 1505 859 1576 tidesey'us
874 1505 910 1560 ad
966 1520 1033 1560 cum
1051 1505 1192 1561 occidere.
1209 1505 1240 1561 ni
1255 1506 1362 1579 quippe
1378 1507 1489 1564 dictum
1510 1513 1572 1565 est:
1590 1513 1667 1584 qnod
1682 1513 1788 1572 demo·

90 1591 233 1662 justitiam.
252 1591 327 1660 Quid
344 1609 412 1666 ergo
427 1599 471 1648 εει
486 1593 602 1650 credere
617 1592 646 1648 in
662 1592 752 1648 euml
766 1593 910 1649 credendo
966 1593 1048 1650 nium
1065 1594 1201 1661 babebat,
1214 1593 1264 1668 qni
1275 1595 1423 1652 demones
1432 1597 1606 1670 expellebat:
1619 1601 1687 1673 quid
1699 1602 1794 1675 possit

92 1697 188 1748 amare,
204 1681 352 1738 credendo
368 1680 500 1755 diligero,
516 1681 659 1738 credendo
675 1683 712 1738 ad
727 1698 793 1737 eum
810 1681 909 1750 scribi,
965 1681 1044 1740 aliud
1057 1683 1151 1739 dicere
1162 1681 1437 1752 turbaturbulenta,
1447 1685 1517 1757 quid
1527 1687 1706 1758 possitaliud
1716 1690 1793 1750 olere

91 1775 115 1825 ct
127 1771 185 1841 ejus
201 1769 347 1826 membris
363 1768 551 1842 incorporari.
570 1770 636 1842 lpsa
646 1787 715 1844 crgo
726 1772 807 1839 tides,
820 1786 909 1842 quam
965 1788 1078 1828 caenum
1090 1771 1791 1850 commotum‚nisiputridumtTurbaturturba3

91 1859 119 1914 de
133 1859 212 1914 nobis
227 1856 320 1932 exigit
334 1858 422 1925 Deus,
439 1864 484 1914 cst
498 1875 562 1931 quae
578 1875 629 1932 per
643 1857 829 1915 dilectionem
844 1877 910 1932 ope·
964 1861 1042 1916 unde
1053 1860 1229 1916 inveritate.
1241 1861 1370 1916 Turbam
1381 1859 1794 1934 lippitudinisturbavitcl'aci·

90 1949 211 2004 retunsi
227 1946 469 2020 intelligisverba
481 1946 542 2014 Dei,
556 1946 685 2020 intellige
696 1949 764 2020 quia
774 1947 909 2005 Christus
964 1953 1008 2004 tas
1024 1949 1108 2006 lucis.
1127 1948 1208 2005 Oculi
1221 1953 1318 2006 autem
1329 1967 1388 2006 non
1403 1949 1544 2010 babentes
1554 1954 1722 2024 sanitatem,
1734 1973 1793 2014 nou

91 2035 169 2092 lilius
190 2035 241 2092 Dei
261 2039 317 2103 est,
333 2039 362 2092 et
376 2035 510 2092 doctrina
525 2035 618 2092 Patris
640 2052 697 2092 non
713 2040 806 2092 estex
822 2036 906 2108 ipso:
963 2044 1088 2110 possunt
1103 2039 1177 2093 lerre
1191 2037 1314 2094 luminis
1336 2037 1510 2108 claritatem,
1526 2041 1667 2100 Dominus
1695 2050 1792 2102 autem

90 2141 137 2180 non
152 2142 184 2180 ex
199 2124 307 2189 nihilo,
323 2141 381 2180 nou
395 2141 430 2180 ex
451 2122 518 2180 aliis
541 2124 783 2191 subsistentibus,
809 2125 858 2180 scd
875 2141 909 2180 ex
964 2143 1021 2182 non
1039 2119 1281 2200 planeturbatur,
1296 2115 1347 2182 ’sed
1364 2127 1394 2182 in
1406 2129 1590 2188 suaveritate
1604 2133 1791 2206 tranquillus,

89 2214 161 2269 Patre
174 2219 304 2280 tantum,
321 2213 350 2268 in
367 2213 450 2269 Patre
461 2230 595 2280 manens,
612 2212 733 2286 equalis
748 2213 836 2268 Patri.
964 2232 1022 2272 non
1039 2215 1166 2272 reddidit
1181 2215 1291 2271 malum
1309 2233 1360 2287 pro
1377 2215 1465 2286 malo,
1478 2235 1530 2274 nec
1541 2219 1729 2278 maledictum
1741 2241 1793 2297 pro

118 2304 229 2370 «Quia
253 2302 412 2374 semetipso
441 2301 580 2375 loquitur,
609 2301 732 2375 gloriam
762 2301 908 2376 propriam
965 2303 1795 2386 maledicto.Quibussidicerct:Demoniumhabctispo-

89 2415 101 2442 a
116 2392 221 2464 querit.
241 2413 257 2443 »
276 2390 327 2448 Hic
342 2391 397 2446 erit
411 2391 461 2462 qui
475 2395 596 2447 vocatur
606 2391 810 2460 Antichristus,
822 2390 911 2447 extol·
963 2393 1024 2448 tius
1037 2409 1098 2460 vos,
1115 2410 1217 2449 verum
1228 2393 1329 2466 utique
1341 2393 1458 2450 diceret.
1471 2395 1553 2453 Unde
1563 2397 1642 2455 enim
1653 2397 1793 2460 hoodice-

88 2480 143 2536 lens
158 2499 198 2548 εε,
212 2481 294 2540 sicut
307 2480 463 2554 Apostolus
473 2479 557 2547 dixit,
574 2496 662 2553 super
677 2497 762 2537 omno
778 2481 854 2552 quod
866 2479 909 2536 di·
964 2485 1029 2537 rent
1045 2482 1079 2537 de
1093 2481 1225 2542 veritate.
1242 2505 1256 2532 «
1269 2483 1451 2540 Daemonium
1467 2485 1568 2552 hahes,
1579 2509 1593 2537 n
1603 2487 1658 2544 nisi
1670 2505 1719 2546 eos
1730 2489 1793 2547 dia-

88 2568 497 2642 citurDeus,etquodcolitur.
508 2569 607 2641 lpsum
618 2567 910 2642 quippeannuntiaus
965 2569 1022 2627 boli
1041 2568 1153 2626 lelsitas
1170 2569 1322 2627 irritaret?
1337 2572 1412 2638 Quid
1428 2589 1497 2646 ergo
1512 2577 1696 2648 respondeat,
1712 2582 1793 2636 tran·

89 2659 219 2714 Dominus
247 2657 373 2732 gloriam
389 2675 474 2715 suam
491 2659 696 2731 quaesiturum,
714 2675 771 2714 non
786 2657 910 2732 gloriam
965 2659 1087 2732 quillius
1101 2659 1268 2727 audiamus,
1285 2664 1313 2715 et
1327 2661 1486 2733 tranquille
1500 2662 1641 2720 vivamus.

90 2748 184 2817 Putris,
199 2748 243 2804 ait
260 2747 297 2802 ad
313 2745 448 2804 ludaeos:
470 2747 552 2822 uligo
566 2747 632 2804 veui
643 2747 672 2803 in
685 2747 802 2804 nomine
818 2747 911 2804 Patris
1002 2771 1015 2800 a
1033 2747 1128 2804 Unum
1145 2765 1218 2820 opus
1229 2748 1294 2818 l'sci,
1309 2754 1337 2804 ει
1347 2765 1449 2805 οιιιιιεε
1462 2749 1620 2808 miramini.
1634 2775 1648 2802 n
1664 2755 1791 2813 Tantum

88 2837 146 2905 mci,
162 2842 190 2893 et
204 2853 269 2892 non
285 2835 458 2908 suscepistis
474 2853 531 2892 me.
547 2835 631 2892 Alius
645 2837 779 2893 venietin
793 2837 912 2892 nomine
966 2841 1009 2894 est
1020 2853 1053 2892 ac
1063 2836 1088 2892 si
1104 2835 1226 2892 diceret:
1239 2837 1312 2904 Quid
1325 2838 1349 2893 si
1361 2837 1459 2894 omnia
1469 2855 1557 2912 opera
1568 2855 1633 2896 mea
1643 2841 1793 2902 videritis?

88 2943 143 2992 suo,
164 2926 244 2982 bunc
271 2923 438 2999 suscipiatis
463 2925 551 2998 (loon.
568 2927 606 2996 v).
625 2947 639 2976 »
664 2926 843 3000 Significavit
862 2942 912 2982 cns
967 2926 1062 2999 lpsius
1076 2925 1154 2982 enim
1170 2941 1258 2998 opera
1272 2930 1356 2981 erant
1370 2943 1433 3000 quae
1455 2925 1485 2983 in
1508 2929 1619 2986 mundo
1642 2930 1792 2990 videbant.

87 3015 295 3072 Antichristum
311 3017 511 3086 suscepturos,
526 3014 577 3086 qui
588 3013 711 3086 glorium
728 3013 912 3100 nominissui
969 3014 1044 3070 l'ecit
1059 3030 1148 3068 unam
1165 3031 1225 3069 rcm
1241 3019 1269 3070 et
1284 3015 1391 3072 turbati
1408 3020 1489 3084 sunt,
1510 3017 1580 3090 quia
1595 3017 1710 3077 salvum
1725 3020 1793 3079 lecit

87 3103 260 3174 quesituras
276 3105 331 3172 εει,
346 3101 477 3169 inllatus,
494 3118 551 3157 non
562 3101 684 3158 solidus.
698 3103 734 3157 nt
744 3101 809 3158 ideo
824 3102 913 3158 insta
967 3101 1793 3177 homineminsabbato,nonintelligentesDcminnmesse

86 3191 153 3260 bilis,
170 3195 220 3249 sed
240 3191 346 3263 utique
361 3191 511 3248 ruinosus.
538 3190 680 3247 Dominus
702 3195 799 3247 autem
815 3195 914 3248 noster
968 3191 1080 3248 sabbati
1091 3188 1184 3246 lilium
1195 3190 1334 3256 hominis,
1345 3193 1561 3264 quisabbatum
1571 3197 1794 3268 propterhomi-

87 3280 164 3338 ιεειιε
178 3282 320 3338 Christus
335 3295 476 3353 magnum
499 3277 666 3352 exemplum
682 3277 767 3335 nobis
788 3263 950 3352 prebuitG
968 3297 1034 3338 nem
1043 3279 1206 3348 constituit,
1216 3279 1553 3356 nonhominempropter
1560 3283 1727 3343 sabbatum.
1735 3287 1794 3344 Nec

88 3368 273 3427 humilitatis.
289 3370 400 3443 Nempe
416 3367 538 3442 equalis
553 3373 597 3426 est
612 3366 709 3437 Patri;
729 3383 862 3440 nempe«
881 3373 912 3422 ln
967 3367 1124 3427 sabbatum
1139 3369 1292 3437 destruxit,
1309 3369 1379 3442 quia
1394 3387 1499 3428 sanum
1516 3371 1584 3428 lecit
1597 3372 1747 3432 hominem
1762 3375 1793 3432 in

87 3460 223 3533 principio
236 3463 303 3516 erat
318 3458 457 3527 Verbum,
469 3461 499 3514 et
508 3457 635 3515 Verbum
647 3463 709 3514 erat
719 3457 795 3529 apud
808 3457 912 3526 Deum,
968 3458 1099 3526 sabbato,
1112 3457 1181 3530 quia
1191 3458 1227 3514 ad
1239 3457 1364 3515 salutem
1373 3459 1537 3530 hominurn,
1548 3460 1794 3521 homiuibussab-

89 3551 113 3600 et
126 3548 200 3606 Deus
216 3551 284 3606 erat
297 3546 425 3604 Verbum
442 3547 531 3620 (loon.
547 3547 564 3618 r)
580 3565 587 3615 ;
605 3569 618 3596 c
634 3563 738 3619 nempe
752 3545 815 3619 ipse
829 3545 912 3613 dixit,
968 3546 1028 3603 bati
1043 3545 1177 3604 custodia
1191 3545 1260 3602 data
1274 3551 1330 3604 est.

90 3641 114 3691 ει
127 3638 281 3694 ιειίεείιιιε
295 3635 382 3692 dixit:
397 3659 411 3687 ι(
424 3637 517 3692 Tanto
530 3639 664 3710 tempore
673 3635 823 3692 vobiscum
834 3653 913 3702 som,
1005 3658 1019 3687 u
1035 3635 1189 3708 Propterea
1197 3635 1310 3710 Moyses
1320 3636 1400 3693 dedit
1410 3638 1491 3695 vobis
1501 3638 1792 3714 circumcisionem»

90 3729 114 3777 ει
127 3742 179 3781 non
192 3723 377 3800 cognovistis
390 3723 456 3780 mc?
467 3723 609 3797 Philipps,
624 3724 674 3796 qui
687 3724 758 3780 vidit
769 3741 825 3794 me,
836 3725 915 3780 videt
968 3724 1041 3780 bene
1064 3725 1174 3780 suctum
1190 3727 1234 3782 εει
1249 3729 1282 3780 ιιι
1310 3727 1481 3798 acciperetis
1509 3727 1763 3787 circumcisionem
1776 3749 1794 3788 a

88 3817 111 3867 et
126 3814 238 3871 Putrem
257 3814 348 3883 (loun.
365 3816 434 3882 xiv).
452 3835 466 3863 n
482 3813 592 3886 Nempe
608 3813 671 3885 ipse
686 3813 767 3882 dixit,
784 3818 813 3869 et
826 3813 914 3870 veris·
968 3813 1077 3884 Moyse,
1093 3833 1108 3866 ι
1124 3829 1183 3869 non
1199 3812 1269 3886 quia
1284 3831 1317 3869 ex
1330 3814 1429 3888 Moyse
1443 3820 1498 3888 est,
1514 3817 1565 3873 sed
1580 3834 1614 3874 ex
1625 3819 1767 3890 patribus.
1778 3843 1793 3871 n

89 3902 153 3958 sime
168 3904 265 3959 dixit:
282 3925 296 3952 κ
313 3902 373 3975 Ego
388 3907 417 3957 et
426 3901 510 3958 Pater
524 3918 617 3958 unum
633 3918 737 3958 sumus
751 3903 844 3975 (toan.
854 3906 913 3972 xl.»
967 3901 1114 3958 Abraham
1129 3901 1238 3975 quippe
1253 3902 1367 3976 primus
1384 3905 1495 3977 accepit
1510 3904 1763 3965 circumcisionem
1777 3926 1794 3966 a

88 3990 113 4044 Si
128 4009 193 4066 ergo
208 4009 281 4048 cum
297 3991 381 4047 Patre
404 4007 509 4060 unum,
534 3989 655 4065 equalis
683 3991 761 4046 Patri
777 3991 854 4048 Deus
879 3992 915 4048 de
968 3989 1101 4046 Domino.
1118 4012 1132 4040 a
1149 3991 1183 4045 m
1197 3989 1228 4046 iu
1243 3991 1366 4048 sabbato
1376 3992 1586 4050 circumciditis
1600 3994 1761 4052 hominem.
1779 4019 1794 4048 u

89 4077 148 4145 Deo,
162 4083 238 4138 Deus
251 4080 329 4153 apud
342 4083 434 4135 Deum
447 4084 619 4148 coaternus,
636 4079 823 4150 immortalis,
840 4080 915 4154 pari.
967 4077 1118 4134 Convincit
1132 4095 1184 4134 ros
1195 4078 1355 4152 Moyses,in
1367 4079 1430 4154 lege
1441 4082 1594 4155 accepistis
1605 4088 1634 4139 ut
1646 4083 1796 4141 circumci-

88 4171 125 4221 tar
139 4168 402 4236 incommutabilis,
431 4168 540 4242 pariter
554 4169 629 4224 ¹sine
644 4173 784 4241 tempore,
806 4170 915 4242 pariter
967 4165 1044 4223 datis
1054 4171 1153 4223 octavo
1162 4167 1218 4234 die,
1231 4168 1385 4240 accepistis
1396 4169 1425 4224 in
1436 4169 1499 4242 lege
1510 4175 1541 4226 ut
1551 4172 1659 4228 vacetis
1670 4173 1795 4246 septimo

86 4263 190 4314 creator
206 4265 238 4315 et
254 4257 443 4330 dispensator
457 4262 635 4329 temporum,
648 4262 746 4314 tamon
758 4257 915 4330 quiarenit
967 4253 1023 4311 die.
1040 4253 1069 4312 Si
1085 4258 1204 4310 octavus
1218 4255 1281 4311 dies
1306 4255 1387 4312 illius
1407 4256 1457 4330 qui
1473 4263 1560 4314 natus
1575 4263 1621 4315 est
1635 4259 1796 4324 occurrerit

85 4341 267 4420 intempore,
284 4350 313 4401 ει
327 4347 452 4402 lormam
479 4347 552 4402 servi
569 4346 690 4419 accepit,
707 4351 736 4402 et
751 4346 853 4403 babitu
869 4347 914 4403 in·
967 4344 1003 4400 ad
1015 4343 1092 4399 diem
1103 4342 1261 4416 septimum
1274 4343 1399 4411 sabbati,
1415 4343 1484 4418 quid
1500 4345 1595 4402 facitis
1606 4345 1620 4402 ι
1633 4346 1794 4415 Vacahitis,

85 4439 293 4492 rentusestut
315 4435 414 4502 bomo,
444 4435 548 4507 querit
575 4433 697 4508 gloriam
728 4435 831 4503 Patris,
855 4453 913 4493 non
968 4432 1127 4490 uiservetis
1139 4432 1306 4501 sabbatum,
1319 4450 1355 4488 an
1367 4432 1592 4504 circumcidetis,
1605 4433 1795 4510 utimpleatis

90 4524 259 4592 suam.Quid
267 4524 793 4597 tu,homo,iuceredebes‚quiquando
800 4524 913 4598 aliquid
966 4523 1088 4580 sabbato
1104 4525 1321 4578 sacramentum
1337 4521 1394 4579 diei
1404 4523 1519 4579 octavii
1531 4523 1586 4581 Sed
1599 4523 1675 4593 novi,
1688 4522 1795 4608 inquit,

90 4609 151 4666 boui
162 4613 246 4680 iacis,
258 4612 381 4688 glorium
394 4617 475 4669 tuam
490 4613 612 4686 quaeris:
626 4615 744 4685 quando
754 4618 853 4671 antem
864 4613 915 4674 ali.
930 4635 953 4701 D
969 4610 1039 4685 quid
1053 4610 1157 4679 fucitis,
1167 4633 1181 4661 a
1191 4609 1399 4668 circumciditis
1410 4610 1569 4668 hominem.
1579 4633 1593 4662 o
1604 4611 1717 4676 Quare?
1727 4609 1797 4684 quic

91 4698 152 4769 qnid
168 4702 240 4758 mali
252 4703 335 4770 lacis,
347 4706 405 4759 Deo
416 4701 597 4758 calumniam
612 4701 785 4758 meditaris?
796 4705 916 4760 Intende
970 4698 1154 4758 circumcisio
1170 4699 1294 4772 pertinet
1318 4699 1353 4756 ad
1371 4698 1488 4772 aliquod
1504 4698 1622 4773 signum
1638 4699 1752 4768 salutis,
1767 4705 1798 4758 ει

89 4788 146 4854 tibi,
162 4795 297 4848 creatura
312 4808 355 4858 es,
367 4807 493 4865 agnosce
508 4791 692 4847 Creatorem:
709 4808 811 4847 servus
825 4809 866 4862 cs,
880 4809 916 4848 ιιε
971 4807 1028 4848 non
1044 4789 1151 4844 debent
1168 4787 1302 4844 homines
1317 4787 1438 4845 sabbato
1453 4805 1555 4870 vacare
1570 4805 1587 4846 a
1601 4788 1706 4846 salute.
1722 4789 1797 4863 Ergo

90 4881 256 4936 contemnas
267 4879 609 4952 Dominumtadoptatus
619 4895 661 4948 εε,
673 4879 722 4936 sed
735 4897 793 4936 non
805 4881 917 4937 meritis
971 4895 1023 4935 nec
1039 4876 1110 4933 mibi
1123 4877 1294 4946 irascimini,
1306 4877 1376 4950 quia
1391 4876 1504 4934 saluum
1520 4877 1573 4933 leci
1589 4881 1684 4934 toturn
1700 4875 1799 4934 homi·

91 4964 143 5020 tuis
157 4983 163 5022 :
181 4983 280 5040 quere
296 4967 419 5042 gloriam
431 4969 496 5042 eius
507 4984 524 5023 a
535 4984 593 5040 quo
604 4967 695 5024 hahes
706 4967 781 5024 banc
791 4969 915 5042 gratiam
971 4985 1038 5024 nem
1054 4966 1084 5022 in
1101 4967 1232 5024 sabbalo.

94 5047 175 5110 homo
190 5056 363 5129 adoptatus:
375 5057 461 5129 cujus
472 5055 596 5130 gloriam
606 5055 747 5129 quesivit,
762 5056 812 5130 qui
822 5060 867 5114 εει
881 5059 917 5114 ab
1008 5079 1021 5106 ι
1039 5056 1070 5112 Si
1085 5054 1348 5126 circumcisionem,
1360 5055 1466 5128 inquit,
1479 5054 1584 5130 accipit
1595 5055 1683 5114 homo
1694 5056 1723 5112 in
1734 5055 1800 5114 sab·

94 5139 138 5196 illo
153 5142 258 5201 unicus
273 5149 362 5202 natus
382 5168 395 5196 n
412 5143 467 5210 Qui
483 5149 580 5201 autern
597 5143 701 5217 querit
714 5144 839 5219 gloriam
853 5147 918 5219 ejus
973 5169 986 5196 a
1003 5146 1082 5214 bato,
1099 5148 1202 5200 utnon
1226 5143 1355 5200 solvatur
1370 5145 1414 5201 lex
1430 5145 1560 5219 Moysi.»
1583 5144 1701 5219 Aliquid
1720 5143 1799 5202 enim

95 5250 106 5276 ι
121 5231 169 5302 qui
185 5233 267 5290 misit
282 5233 379 5303 illum,
394 5233 442 5290 hic
457 5251 543 5291 verax
557 5237 611 5303 est,
623 5239 651 5289 ει
667 5234 813 5306 injustitia
826 5235 855 5292 in
867 5235 916 5292 illo
971 5249 1022 5308 per
1036 5235 1153 5306 Moysen
1165 5232 1253 5288 inilla
1260 5233 1707 5292 constitutionecircumcisionis
1717 5234 1798 5292 salu·

94 5333 147 5374 non
161 5326 218 5377 εει.
236 5346 250 5372 »
267 5325 299 5379 ln
313 5323 492 5380 Antichristo
503 5327 600 5379 autem
614 5322 758 5394 injustitia
769 5329 823 5391 εει,
834 5330 862 5381 ει
872 5341 917 5382 re·
973 5323 1062 5380 briter
1074 5322 1243 5379 institutum
1256 5326 1311 5378 cst.
1325 5347 1338 5374 n
1351 5322 1422 5379 Mihi
1432 5345 1447 5375 n
1463 5323 1596 5397 operanti
1606 5323 1731 5382 salutem
1742 5346 1756 5375 ι
1768 5323 1798 5378 in

95 5421 140 5462 ιιι
154 5425 211 5465 non
228 5417 282 5482 εει,
296 5429 354 5468 non
371 5416 415 5469 εει
427 5430 444 5469 a
454 5428 512 5485 quo
523 5401 633 5468 inlesus
643 5416 695 5468 cst.
710 5415 771 5468 Non
783 5414 859 5470 enim
873 5419 918 5472 est
972 5435 986 5465 «
998 5410 1120 5468 sabbato
1129 5433 1142 5460 n
1153 5409 1503 5486 quareuindignaminii»
1515 5411 1801 5470 Forteenimillacir·

97 5495 213 5566 missus,
225 5502 273 5556 sed
282 5500 380 5558 venire
391 5500 562 5574 permissus.
577 5499 685 5557 Omnes
695 5517 763 5573 crgo
773 5503 918 5574 pertinen·
972 5499 1114 5559 cumcisio
1125 5499 1224 5573 ipsum
1239 5499 1397 5558 Dominum
1412 5501 1607 5576 significabat,
1623 5500 1669 5558 cui
1683 5499 1732 5556 isti
1747 5515 1801 5556 cu-

98 5585 138 5638 tes
150 5587 186 5641 ad
195 5605 299 5662 corpus
309 5590 427 5658 Christi,
440 5607 475 5646 ne
484 5589 660 5647 inducamur
673 5591 701 5646 in
712 5589 832 5666 laqueos
841 5593 920 5650 Anti·
974 5591 1061 5664 ronti,
1074 5593 1102 5649 ει
1110 5589 1227 5650 sananti
1236 5589 1477 5665 indignabantur.
1486 5591 1627 5650 Jussaest
1635 5586 1802 5646 enimsdhi·

99 5670 210 5748 christi,
222 5693 275 5742 non
292 5697 458 5760 quaeramus
474 5679 597 5758 gloriam
608 5683 750 5740 nostram.
762 5681 818 5744 Sed
832 5681 858 5742 si
870 5680 919 5743 ille
973 5675 1036 5740 beri
1049 5683 1149 5742 octava
1164 5680 1221 5741 die.
1237 5681 1273 5741 ιιι
1287 5681 1358 5760 quid
1373 5686 1418 5742 est
1427 5679 1621 5750 circumcisio,
1638 5675 1693 5735 nisi
1705 5672 1802 5760 curnis
