4034 6180
136 243 188 315 tat
621 254 674 319 nc
694 250 920 322 veniamve
941 246 1158 326 nteuuourt.
1174 293 1213 311 -
1226 261 1299 328 uta.
1322 257 1348 328 t.
1778 256 1839 334 ast

136 389 276 462 quantum
292 386 364 445 terre
380 387 456 446 oculi
472 392 605 463 poterant
619 388 770 447 intuitum.
788 391 817 447 Si
833 393 911 449 enim
928 393 957 448 iu
975 393 1002 462 Α
1017 395 1067 450 sod
1083 413 1170 453 onina
1185 398 1329 472 quidquid
1344 395 1541 472 corruptionis
1556 401 1600 457 est
1614 398 1768 476 exsulatui
1778 402 1839 480 glo·

136 475 286 558 Evangelio
313 477 393 546 dicit,
415 476 485 552 quia
513 478 682 553 resplenduit
696 479 768 538 sicut
780 483 820 539 sot
850 481 955 554 (llottl.
1013 483 1055 539 ria
1083 485 1311 560 incorruptionis
1344 489 1449 545 cuncta
1477 481 1650 547 circumdet.
1679 487 1761 548 Unde
1790 483 1841 566 pu'i

133 569 209 635 ivo).
226 570 466 642 incorruptorum
482 573 578 625 autem
600 569 692 643 gloria
717 587 883 644 corporum,
900 589 957 628 non
1012 571 1135 631 Paulum
1150 575 1279 632 dicitur:
1296 576 1357 649 lpse
1372 583 1498 634 creatura
1513 567 1842 640 liberabituras'sroitutc

133 655 314 712 bootamnm
329 654 493 729 splendoris
508 657 959 730 emittit,qaantumexistacor
1009 666 1200 736 corruptionis,
1239 669 1270 722 iu
1309 668 1460 724 libertatem
1497 669 1598 737 pieriae
1635 665 1756 740 lituram
1787 672 1841 730 Dei

131 735 260 819 ruptibili
282 744 346 801 luce
369 746 510 818 procedit,
527 763 580 803 nee
602 747 692 804 talem
717 748 823 819 lucem,
840 749 956 823 qualem
1011 755 1097 822 (lictu
1113 757 1187 824 vvir.)
1203 755 1306 828 (drop.)
1321 756 1434 813 illectos
1449 756 1527 812 enim
1544 773 1625 813 nunc
1640 767 1726 831 poena
1739 773 1840 816 cumu-

84 909 94 920 ·
130 849 207 891 nuno
222 833 360 890 mortales
375 834 451 890 oculi
466 851 569 907 capere
584 841 719 908 possunt,
731 837 781 893 sed
792 841 892 895 tantus
903 838 957 894 erit
1011 842 1119 916 ptiouis
1147 849 1296 918 aggravat,
1321 844 1372 903 sed
1397 851 1466 902 tuno
1490 846 1717 920 incorruptionis
1746 846 1841 922 gloria'

130 924 233 980 lutura
246 921 320 978 lucis
336 921 629 1000 splendor‚qnuntum
642 941 798 998 corporeus
809 926 883 983 serre
897 945 955 984 non
1009 930 1117 987 exaltat
1131 935 1159 988 ot
1174 937 1317 1006 qnantum
1333 934 1371 990 ad
1387 933 1537 1008 proruentis
1558 935 1742 993 necessitatis
1765 953 1837 1010 pon·

131 1012 223 1086 possit
242 1015 473 1084 seposueram
497 1016 594 1070 tamen
620 1013 705 1071 illum
731 1014 829 1072 tulerit
852 1017 901 1090 qni
926 1018 956 1074 in
997 1019 1080 1082 ,ders
1095 1037 1172 1077 nuno
1186 1022 1214 1078 iu
1230 1022 1280 1079 Dei
1298 1021 1366 1078 filiis
1387 1022 1423 1078 de
1443 1022 1575 1079 tiberinis
1600 1023 1672 1080 nihil
1698 1027 1836 1082 ostendit.

130 1101 239 1158 montis
251 1101 509 1159 transformatione
522 1102 713 1176 resplenduit.
731 1103 812 1161 Unde
827 1107 956 1164 ostendi·
1010 1108 1157 1174 Quantum
1172 1125 1239 1168 vcro
1255 1112 1291 1167 ud
1307 1111 1515 1184 subsequentis
1534 1111 1680 1168 libertatis
1700 1113 1835 1186 gloriam,

127 1195 185 1257 tur,
201 1189 271 1262 quia
285 1193 399 1246 tautum
415 1189 572 1248 revelatum
588 1191 956 1265 sit,quantumierremor-
1009 1201 1079 1254 tunc
1094 1197 1124 1254 in
1139 1197 1190 1255 Dei
1213 1197 1331 1256 famulis
1355 1201 1390 1257 de
1413 1200 1552 1258 servitute
1576 1199 1649 1256 nibil
1673 1201 1834 1275 apparebit.

126 1278 231 1336 talium
248 1279 324 1336 oculi
339 1283 508 1353 potueruut.
524 1280 582 1337 Neo
596 1285 695 1338 tamen
719 1283 849 1340 tulerunt
864 1301 897 1341 ex
910 1285 955 1341 in·
1009 1287 1148 1344 creature
1162 1304 1231 1362 ergo
1246 1289 1386 1346 servitute
1400 1288 1835 1365 corruptionisexntaetdigni-

126 1372 218 1442 tegru,
235 1367 288 1425 sed
301 1367 480 1442 oeciderunt,
491 1367 635 1441 iuquit,in
650 1367 754 1426 taciem
770 1385 855 1426 suam
867 1387 956 1445 super
1008 1381 1068 1433 tate
1082 1377 1226 1434 libertatis
1242 1382 1370 1452 accepta,
1382 1378 1412 1434 in
1427 1378 1553 1436 tiliorum
1569 1378 1620 1436 Dei
1634 1378 1758 1452 gloriam
1772 1395 1836 1438 ver·

126 1457 245 1515 buram.
1007 1466 1089 1536 titur,
1104 1465 1173 1540 quia
1187 1467 1271 1524 unita
1286 1468 1343 1524 Deo
1362 1485 1414 1542 per
1436 1467 1586 1541 spiritum,
1603 1468 1687 1542 quasi
1710 1468 1765 1526 buu
1791 1469 1836 1542 ip-

446 1591 564 1650 GAPUT
584 1591 632 1649 VI·
1007 1551 1165 1630 sumquod
1180 1561 1313 1614 creatura
1328 1561 1382 1627 est,
1398 1556 1589 1616 transissem
1608 1557 1762 1633 subegisse
1784 1558 1837 1616 de-

267 1683 306 1738 bs
320 1679 515 1742 reurrectiooc
528 1689 554 1740 et
567 1683 624 1739 otto
642 1687 809 1740 sanctirum.
1006 1643 1145 1702 ‘’hiatur-

1321 1761 1437 1820 CAPUT
1456 1763 1518 1820 vlt.

157 1805 324 1888 Resurgent
339 1813 430 1888 igitur
443 1819 612 1872 sanctorum
626 1831 748 1888 corpora
762 1815 826 1874 sine
836 1814 896 1873 ullo
912 1817 952 1874 vi·
1007 1850 1081 1918 Quod
1096 1849 1261 1907 detrimenta
1275 1851 1409 1920 mem
1424 1853 1516 1910 mim
1529 1867 1564 1910 ex
1577 1853 1679 1910 ,amm
1700 1851 1834 1928 rmum,

120 1901 313 1974 tlo,sinenlla
323 1903 598 1974 deformitate,sicut
609 1903 672 1961 sina
683 1903 743 1961 ullu
753 1905 950 1978 corruptione,
1307 1929 1353 1979 tur
1364 1921 1530 1980 bominibus,

120 2005 223 2060 onere,
238 1991 420 2050 difficultate.
437 1993 469 2048 lo
485 1992 593 2066 quibus
606 1997 689 2050 tanta
703 1993 826 2050 facilitas
841 1999 952 2068 quanta

120 2081 248 2139 felicitas
262 2081 327 2138 erit.
344 2081 479 2154 Receptis
490 2097 557 2138 cum
568 2081 885 2157 incorruptionemque
895 2085 951 2141 im-

120 2169 951 2244 mortalitatecorporibus,municipatnmpatriscmlestis

119 2261 276 2334 accipient,
292 2263 380 2333 atque
394 2260 459 2333 ejus
474 2260 504 2317 in
520 2265 661 2318 ueternum
676 2261 755 2318 aives
771 2261 951 2335 eiieoti‚pro-

118 2351 217 2412 missa
233 2350 352 2423 premia
366 2350 567 2422 reportabunt.
580 2349 622 2406 lbi
633 2349 675 2406 eis
686 2350 857 2407 exuberabit
870 2353 953 2408 tanta

118 2438 234 2508 laetitia,
245 2439 327 2495 tauta
338 2438 501 2495 coelestium
517 2439 611 2512 gratia
625 2439 848 2512 gaudiorum,ut
857 2456 952 2497 remu-

116 2528 251 2586 neraturi
266 2543 320 2584 sno
336 2543 388 2600 pro
403 2527 492 2584 tantis
508 2527 683 2584 munoribus
697 2530 807 2600 gratias
822 2531 952 2602 agant‚ct

118 2616 241 2675 nullum
256 2613 406 2673 fastidium
422 2633 456 2673 ex
466 2615 532 2690 ipsu
542 2616 845 2674 aitluentiabunurum
856 2635 952 2692 percu·

119 2707 224 2781 ptione
238 2705 458 2769 sustineanttbi
472 2721 529 2762 noo
540 2705 643 2762 latebit
653 2705 778 2779 perlecto
789 2707 888 2764 beatos
899 2707 951 2765 ali·

45 2808 50 2818 ·
119 2794 196 2868 qnid
211 2797 400 2860 secretorum,
417 2794 468 2866 qui
483 2795 560 2867 qitud
581 2796 624 2852 est
644 2793 730 2866 longe
754 2796 950 2868 prestantius,

118 2883 224 2959 ipsum
239 2881 330 2939 visuri
346 2887 416 2939 sunt
431 2883 551 2940 mundis
562 2883 700 2940 cordibus
710 2883 952 2951 Deumouaodo-

119 2973 246 3048 quidem
262 2972 392 3028 bumana
407 2975 540 3028 ereatura
554 2972 594 3028 ita
605 2971 843 3045 periectaerit,ut
853 2973 883 3029 in
895 2990 953 3030 me-

119 3062 183 3120 lius
200 3063 251 3116 aut
265 3059 394 3116 deterius
408 3060 485 3116 nltru
500 3059 606 3117 mutari
621 3076 679 3116 non
694 3061 796 3134 possit.
804 3061 950 3135 Quidquid
977 3123 980 3130 .

119 3151 171 3208 bie
188 3148 327 3206 humanis
342 3149 730 3224 corporibusviliandis,ant
739 3150 867 3207 terarum
879 3133 989 3208 murC

118 3256 175 3297 sus
193 3237 346 3308 ademerit,
364 3244 415 3295 aut
430 3236 588 3311 improviso
612 3253 699 3296 casus
722 3238 886 3310 abstulerit,
903 3243 954 3298 aut

118 3327 271 3386 matarum
286 3326 488 3384 valetudinum
504 3327 734 3401 generediversa
745 3327 952 3402 decerpserint,

119 3423 176 3476 aut
192 3416 324 3474 humanu
338 3415 500 3474 crudelitas·
512 3417 716 3489 amputaverit,
725 3421 775 3472 aut
785 3417 810 3472 si
822 3417 899 3492 ignis
909 3418 953 3475 vel

118 3505 265 3581 quaslibet
278 3505 337 3562 elia
357 3521 403 3562 res
426 3504 539 3578 aliquid
563 3503 723 3562 debilitatis
748 3504 888 3572 intulerit,
904 3511 955 3563 aut

117 3597 194 3670 ipsa¹
206 3597 342 3650 senectus
357 3593 445 3650 etiam
469 3593 551 3650 sanis
574 3609 698 3650 onerosa
720 3596 877 3667 negaverit,
894 3595 954 3653 brec

119 3690 216 3758 atque
230 3683 279 3740 his
294 3681 404 3740 similis
415 3698 570 3756 corporum
587 3681 817 3750 damna,unaibi
828 3699 955 3742 resurre-
1315 3665 1431 3722 CAPUT
1449 3665 1524 3722 Vm·
1785 3745 1788 3752 ,

120 3775 185 3830 ctio
200 3761 358 3844 reparabit,
373 3775 460 3844 atque
475 3787 509 3828 ea
523 3785 645 3843 corpora
660 3771 800 3828 membris
816 3772 954 3829 omnibus
1009 3755 1085 3828 Quod
1108 3755 1187 3812 electi
1211 3755 1241 3812 iu
1263 3762 1369 3813 &¹0⁷¹st
1390 3757 1485 3828 Patria
1509 3760 1618 3812 ⁶¹Wl⁰³
1641 3755 1837 3828 mittimini

119 3861 291 3921 instaurata
304 3859 536 3934 incorruptibilis
549 3859 660 3916 sonitus
674 3860 826 3917 obtinebit.
839 3861 954 3918 Staium
1376 3827 1467 3883 'mm‘

121 3952 219 4009 stiam
233 3948 313 4006 iltius
328 3953 436 4006 sanctu
450 3949 672 4007 resurrectionis
688 3965 720 4006 ac
730 3953 877 4022 perpetue
888 3950 955 4007 vites
1045 3951 1146 4024 (Grec.)
1163 3949 1251 4005 diecti
1266 3953 1365 4005 autom
1381 3950 1409 4006 in
1426 3951 1533 4006 eterna
1549 3949 1644 4026 patria
1666 3967 1724 4008 non
1739 3952 1836 4008 sotum

120 4038 358 4105 consideremus,
369 4038 400 4094 io
415 4043 559 4110 quantum
570 4037 655 4095 nobis
666 4037 849 4094 considerare
860 4039 954 4112 possi·
1008 4055 1058 4096 eos
1072 4041 1236 4111 agnoscunt
1251 4037 1353 4108 bonos,
1370 4053 1444 4109 quos
1454 4037 1485 4093 in
1495 4035 1550 4094 hoc
1560 4039 1672 4095 mundo
1682 4044 1837 4108 noverunt,

119 4129 188 4186 bite
201 4130 255 4196 est,
272 4131 301 4183 et
314 4131 348 4183 ut
362 4126 450 4184 etiam
464 4143 531 4184 vere
545 4131 599 4198 est,
616 4124 862 4199 comprehendere
885 4127 955 4183 nul·
1009 4127 1060 4183 sed
1075 4126 1153 4182 velut
1166 4123 1244 4181 viros
1259 4123 1338 4181 visos
1354 4141 1387 4180 uo
1402 4124 1535 4200 cognitos
1549 4131 1764 4200 recognoscunt
1782 4127 1836 4183 bo-

119 4218 173 4276 tus
188 4223 286 4274 sermo
301 4215 435 4284 sufficiet,
452 4216 503 4273 sed
518 4219 663 4288 quantum
687 4215 836 4288 possimus
858 4233 892 4273 ex
908 4216 955 4274 bis
1009 4232 1072 4284 nos,
1090 4231 1164 4289 quos
1179 4229 1330 4286 nunquam
1349 4210 1495 4269 viderunt.
1510 4212 1583 4268 Nem
1607 4229 1675 4268 oum
1699 4213 1836 4286 antiquos

120 4309 191 4380 quas
206 4304 344 4376 tegimus,
360 4306 455 4375 siper
473 4303 627 4376 enigmata
651 4301 813 4374 accipimus
836 4305 954 4359 tenuem
1009 4299 1836 4379 patresinillaeternahereditateviderint,eisincogniti

120 4394 286 4469 quamdam
299 4391 467 4466 opinionem
482 4391 518 4447 de
529 4407 564 4448 eu
577 4391 738 4466 capiamus.
756 4391 867 4448 Dicitur
876 4393 911 4448 de
922 4407 956 4450 cu
1009 4409 1061 4466 per
1073 4391 1217 4450 visionem
1233 4407 1290 4446 non
1306 4393 1402 4458 erunt,
1420 4403 1493 4462 quos
1506 4389 1537 4445 in
1553 4403 1639 4463 opere
1653 4397 1840 4464 semperne·

119 4481 257 4557 quodam
271 4480 335 4537 louo
352 4495 358 4534 :
375 4480 453 4552 quod
469 4478 600 4552 aufugiet
615 4479 655 4534 ibi
671 4478 763 4548 dolor,
780 4484 809 4536 et
823 4478 953 4549 tristitie,
968 4499 993 4566 Ι)
1007 4483 1121 4539 verunt.
1138 4479 1212 4544 Quia
1226 4479 1305 4535 enirn
1321 4478 1380 4535 illic
1404 4493 1506 4535 omnes
1530 4477 1680 4536 communi
1704 4478 1837 4538 claritate

120 4575 152 4629 et
169 4570 308 4645 gemitus.
326 4569 399 4637 Quid
414 4569 469 4624 beo
484 4569 544 4624 vito
558 4567 682 4634 beatius,
693 4568 743 4625 ubi
755 4585 814 4626 non
828 4573 873 4626 est
886 4587 955 4643 pau·
1009 4572 1100 4628 Deum
1118 4568 1314 4641 conspiciunt,
1332 4566 1402 4640 quid
1423 4567 1557 4640 estquod
1573 4567 1613 4623 ibi
1628 4567 1770 4637 nescient,
1787 4569 1837 4626 ubi

120 4659 252 4734 portatis
263 4661 430 4726 metus,non
442 4657 624 4730 agritudinis
635 4656 714 4713 ledit
724 4658 852 4731 injuriat
862 4659 955 4732 (lup.)
1010 4661 1149 4716 scientem
1162 4659 1260 4713 omnia
1273 4655 1467 4714 sotuntrrtam
1480 4655 1600 4729 quidam
1611 4661 1712 4714 noster
1721 4656 1837 4732 religio·

120 4749 219 4806 tiemo
234 4746 382 4814 irascitur,
397 4761 484 4803 nemo
498 4745 618 4814 invidet,
631 4744 712 4801 nulle
722 4745 867 4820 cupiditas
877 4763 957 4803 errar-
1010 4761 1062 4805 sns
1075 4747 1160 4816 vir,et
1173 4745 1237 4802 vite
1252 4745 1336 4802 valde
1351 4744 1591 4813 laudabilis,curn
1607 4749 1675 4805 ante
1686 4745 1741 4802 hoo
1751 4743 1841 4803 trien.

122 4836 233 4904 deecit,
248 4833 364 4892 nultum
380 4835 421 4891 ibi
436 4833 716 4904 desiderium,nulla
726 4834 844 4892 bonoria
860 4836 957 4909 pulsat
1009 4837 1094 4894 nium
1109 4840 1273 4892 moreretur
1288 4835 1375 4908 (sicut
1389 4833 1515 4908 religiosi
1532 4833 1594 4904 alii,
1607 4834 1657 4908 qui
1680 4831 1843 4908 presentes

122 4941 162 4984 ex
178 4926 324 4998 potestate
339 4924 470 4993 ambitio,
487 4924 538 4980 sed
553 4923 650 4980 omnis
664 4923 801 4980 vitiorum
816 4924 897 4981 labes
913 4941 957 4983 so·
1012 4927 1092 4982 tuere
1105 4925 1203 4982 testati
1219 4926 1299 4992 sunt)
1311 4924 1340 4979 in
1352 4924 1424 4979 hora
1436 4921 1481 4978 sui
1493 4922 1587 4979 exitus
1597 4922 1703 4980 tunam
1717 4923 1840 4997 propbe—

122 5015 190 5088 pita
204 5016 234 5069 et
248 5013 366 5085 penitus
379 5013 523 5070 exstincte
536 5017 591 5082 est,
607 5029 663 5085 pax
673 5018 779 5069 cuncta
790 5015 919 5070 continet
929 5019 959 5071 at
1013 5012 1266 5084 tam,lizechieiem
1283 5027 1399 5085 quoque
1413 5016 1443 5068 et
1452 5009 1601 5068 Danielem
1612 5011 1700 5084 ooepit
1710 5011 1844 5085 aspicere

122 5102 240 5160 lustitia.
251 5098 422 5174 'tranquilla
432 5102 611 5158 suniomnie
621 5105 650 5158 st
661 5101 850 5176 quietap'ugis
861 5102 959 5175 splen·
1013 5119 1087 5178 quos
1102 5104 1173 5160 dum
1188 5103 1223 5156 ud
1239 5117 1270 5157 sa
1283 5100 1399 5157 venisse
1413 5099 1531 5166 diceret,
1547 5103 1576 5156 at
1592 5097 1738 5173 depressis
1752 5099 1840 5158 lumi·

122 5193 184 5248 dor
198 5195 228 5247 et
241 5189 308 5258 lux3
325 5207 384 5246 non
398 5191 457 5246 ista
471 5204 534 5262 que
550 5207 628 5246 nune
643 5189 751 5259 est,sed
765 5193 847 5247 tanto
863 5190 959 5265 spien—
1013 5193 1100 5250 nibus
1117 5191 1159 5248 eis
1174 5189 1339 5247 reverentie
1356 5189 1529 5261 obsequium
1543 5191 1694 5262 preberet,
1706 5207 1741 5247 ex
1756 5205 1843 5248 carne

123 5279 320 5351 didior,tanto
332 5278 560 5351 otariur‚quanto
575 5277 759 5352 splendidior
770 5296 851 5335 nnnc
863 5281 905 5336 soi
916 5284 961 5338 est
1014 5283 1119 5339 ductus
1134 5283 1188 5335 est.
1205 5280 1267 5346 Qua
1282 5279 1311 5334 io
1337 5295 1366 5334 re
1391 5281 1489 5350 aperte
1514 5278 1602 5335 datur
1626 5277 1761 5354 intelligi,
1778 5295 1841 5354 qne

121 5369 261 5426 lucerna.
276 5366 363 5425 Nulla
387 5367 428 5423 ibi
452 5383 519 5436 nox,
536 5367 621 5423 nullm
645 5366 782 5437 tenebre,
798 5383 959 5426 concursus
1013 5370 1069 5428 erit
1085 5369 1113 5424 in
1127 5369 1179 5424 illa
1192 5367 1392 5439 incoruptibili
1407 5367 1467 5422 vita
1491 5367 1605 5438 notitia,
1620 5367 1645 5426 si
1660 5369 1775 5426 viriste
1791 5369 1842 5424 ad-

123 5457 232 5515 nullns
246 5457 383 5526 nubium,
395 5451 478 5513 nulia
489 5455 616 5531 trigoris,
630 5454 712 5512 nulio
723 5455 837 5512 ardoris
852 5460 960 5530 aspari·
1014 5461 1072 5516 huc
1082 5458 1112 5514 iu
1129 5473 1216 5514 carna
1224 5451 1406 5529 corruptibili
1417 5456 1704 5532 positus,proptretas
1713 5459 1840 5522 sauctus,

122 5551 187 5610 ias.
203 5547 268 5604 Non·
282 5549 328 5604 cst
348 5546 389 5602 ibi
413 5549 550 5604 senectus
573 5563 626 5603 nec
646 5544 805 5604 senectutis
830 5546 958 5616 miseria,
1015 5564 1090 5622 quos
1105 5539 1246 5603 nimirum
1259 5559 1413 5618 nunquam
1428 5545 1552 5616 vidmut,
1568 5547 1694 5622 amovit.

1042 2047 1134 2120 (lup.)
1149 2047 1190 2102 Ex
1203 2047 1404 2120 redemptione
1418 2045 1573 2104 hominnm
1588 2047 1678 2104 ruine
1691 2043 1772 2104 iltius
1782 2065 1834 2105 an·

1006 2133 1103 2209 getica
1119 2135 1294 2192 detrimento
1309 2140 1491 2208 reparantur.
1509 2137 1542 2192 tlt
1566 2137 1670 2212 utique
1692 2142 1836 2194 noverunt
1884 2195 1892 2206 ,

1006 2225 1101 2299 angeli
1119 2223 1211 2282 suncti
1227 2224 1304 2281 docti
1322 2224 1357 2281 de
1371 2225 1440 2294 Deo,
1458 2226 1544 2297 eujus
1567 2225 1698 2284 veritatis
1721 2229 1836 2284 eternae

1006 2311 1249 2386 contemplatione
1273 2311 1349 2369 beuti
1364 2317 1442 2383 sunt,
1459 2311 1562 2386 quanti
1577 2311 1693 2370 numeri
1716 2313 1835 2392 supple·

1006 2405 1138 2458 mentum
1154 2401 1190 2458 de
1203 2417 1308 2476 genere
1324 2401 1454 2458 humano
1470 2402 1624 2476 integritas
1638 2400 1719 2458 iltius
1734 2402 1836 2483 civitas

1005 2489 1045 2546 tis
1058 2494 1213 2562 exspectet.
1230 2492 1352 2564 Propter
1366 2491 1421 2548 hoo
1436 2491 1477 2547 ait
1491 2490 1649 2564 Apostolus
1661 2507 1667 2548 :
1678 2495 1835 2548 losmurort

1005 2580 1099 2634 omnio
1114 2580 1142 2634 io
1160 2579 1264 2634 Christo
1279 2593 1342 2650 pue
1357 2581 1388 2634 io
1403 2579 1478 2635 coelis
1492 2587 1556 2635 surrt
1573 2587 1600 2635 et
1622 2593 1685 2652 puae
1707 2580 1738 2634 io
1753 2581 1834 2636 terris

1005 2666 1112 2739 (tipice.
1127 2665 1203 2735 1).ln
1219 2664 1284 2737 ipso
1299 2665 1622 2738 instauranturquippe
1636 2683 1699 2738 quie
1712 2667 1741 2722 in
1753 2665 1834 2723 coelis

1006 2758 1084 2822 sunt,
1101 2769 1169 2809 cum
1183 2753 1213 2810 id
1226 2750 1303 2825 quod
1317 2753 1347 2808 in
1363 2752 1474 2827 angelis
1490 2753 1606 2826 lapsum
1621 2757 1676 2820 est,
1688 2770 1722 2810 ex
1738 2751 1834 2810 humi-

1006 2843 1094 2900 nibus
1109 2843 1251 2899 redditur.
1269 2841 1477 2899 lustaurautur
1501 2847 1598 2899 autem
1624 2857 1687 2916 quse
1703 2842 1833 2900 interris

1006 2937 1087 3001 sunt,
1102 2947 1170 2987 enm
1185 2931 1242 3003 ipsi
1261 2930 1396 2988 homines
1421 2930 1472 3003 qui
1498 2930 1694 3003 predestinati
1719 2935 1789 2988 sunt
1802 2931 1832 2988 in

1006 3025 1144 3077 aternam
1159 3020 1259 3088 vitam,
1277 3017 1503 3092 acorruptionis
1524 3023 1668 3076 vetustate
1691 3020 1832 3078 innovan-

1009 3114 1065 3166 tur.
1081 3107 1132 3166 lllu
1146 3107 1224 3166 enim
1241 3123 1369 3186 superna
1384 3107 1486 3164 civitas
1511 3123 1546 3164 ex
1569 3106 1682 3182 angelis
1696 3111 1725 3166 et
1738 3107 1833 3166 homi-

1009 3199 1095 3254 nibus
1111 3201 1235 3265 constat,
1252 3197 1287 3254 ad
1305 3211 1393 3270 quam
1417 3201 1533 3254 mnium
1556 3194 1704 3255 credimus
1729 3193 1834 3256 buma-

1008 3305 1079 3345 num
1094 3303 1187 3360 genus
1198 3286 1364 3354 ascendere,
1381 3290 1507 3360 quantos
1522 3283 1582 3342 illio
1595 3285 1740 3360 contingit
1760 3287 1834 3364 elec-

1007 3379 1052 3432 tos
1067 3374 1187 3448 angelos
1201 3373 1389 3442 remansisse,
1403 3373 1480 3429 siout
1489 3372 1633 3446 scriptum
1645 3377 1711 3431 est:
1728 3373 1836 3431 Statuit

1006 3463 1148 3519 terminos
1162 3461 1295 3536 gentium
1312 3463 1474 3518 secundum
1497 3461 1528 3518 in
1544 3463 1703 3520 numerum
1717 3461 1834 3537 angeio·

1008 3567 1075 3609 rum
1093 3551 1152 3608 Dei.
