3950 6174
95 335 148 423 aba
420 333 422 342 '
706 343 882 429 tranium
906 349 954 427 uu
977 355 1176 427 audeone.
1731 344 1792 434 citt

126 518 138 548 ιι
153 497 275 554 Omnem
292 495 519 554 sollicitudinem
539 501 667 556 vestram
683 499 870 574 projicientes
885 499 914 555 in
929 500 957 568 Α
972 523 985 549 ιι
1004 499 1097 554 illam.
1116 518 1130 547 ιι
1146 499 1180 554 llt
1194 497 1316 572 reliqua.
1333 498 1415 556 Sicut
1431 498 1518 556 unius
1533 502 1691 573 peccatoris
1705 519 1792 560 casus

88 577 913 672 '«edm,quoriihttiiptl'ctiia'e'stdevobis.a¹UtPsalmist'u
970 585 1079 645 multos
1095 585 1130 644 ad
1158 585 1392 664 desperationem
1417 587 1532 646 trahere
1556 589 1638 658 solet,
1655 589 1705 666 qni
1729 592 1793 666 ejus

92 665 305 757 nos'adlhane't,
322 675 422 733 dicens
441 694 448 733 τ
465 699 479 727 ιι
498 664 581 734 iddio
604 677 767 752 cogitatum
785 675 873 734 tuum'
885 675 914 732 iu
970 671 1082 734 mulum
1098 672 1264 750 exemplam
1281 673 1495 746 imitantur,sic
1511 675 1598 735 unius
1614 663 1793 752 recuperatio

91 757 222 831 delho,
238 766 267 820 et
282 759 345 837 ipisci
359 769 387 822 tc
406 761 534 822 cnlltriet
547 765 633 840 (Paul.
650 764 717 838 ιιι).
735 769 750 818 ι’
765 767 799 823 lit
823 765 913 823 aiibi:
970 767 1071 824 multis
1087 762 1205 840 prodest
1220 766 1256 823 ad
1281 763 1418 824 salutem.
1434 765 1515 832 Quod
1529 768 1559 824 in
1574 755 1690 826 exordio
1705 757 1794 842 hujus

92 877 105 904 ιι
120 853 304 926 inquirentes
319 843 418 911 autem
434 851 591 912 Domitium
608 856 671 912 nori
685 849 820 912 deficient
834 855 914 911 omui
970 853 1107 913 lectionis
1119 855 1202 912 tacite
1224 853 1460 930 comprobamus,
1478 853 1503 912 si
1529 849 1681 930 superiora
1705 857 1795 930 hujus

90 943 162 998 bono
178 943 264 1015 (Prot.
276 943 384 1016 aaran).
397 965 411 994 ιι
423 945 456 999 ht
465 943 528 1018 ipse
538 937 680 1002 Domitius
694 941 723 1000 iri
738 941 914 1018 Evangelio:
970 937 1796 1020 Evangelii'selliciteconsideremusUtenimevangelicus

92 1055 103 1082 ι
117 1030 212 1110 Nolite
226 1031 344 1088 solliciti
355 1029 419 1089 esse
430 1025 569 1103 diceritis,
577 1033 646 1108 quid
659 1027 913 1100 memorabimus,
970 1027 1165 1106 sermo'supra
1173 1025 1271 1088 retulit
1281 1048 1286 1088 :
1298 1021 1795 1102 transienstesus,viaithominem

90 1127 136 1177 aut
151 1119 223 1195 quid
238 1113 470 1180 bibemus‘l'scit
486 1122 564 1179 cmiii
580 1115 664 1180 Pater
675 1121 770 1180 v'csler
784 1122 853 1198 quia
867 1116 915 1198 liis
969 1121 1119 1178 sedentem
1136 1122 1171 1178 ad
1195 1116 1348 1187 teloriium,
1362 1115 1479 1178 nornine
1505 1121 1581 1190 Levi,
1607 1123 1656 1196 qni
1681 1128 1710 1179 et
1733 1117 1796 1200 ipse

90 1193 227 1266 omnibus
243 1205 392 1284 indigetis.
409 1209 533 1277 Quaerite
555 1213 623 1285 crgo
647 1209 776 1288 primu'm
790 1207 913 1285 regnum
969 1207 1104 1284 princeps
1117 1205 1178 1267 cra't
1192 1207 1427 1283 publicanorum,
1440 1215 1469 1266 at
1483 1209 1594 1267 vocavit
1608 1202 1734 1267 eumatt
1745 1209 1796 1285 ill'e

88 1298 135 1356 bei
152 1297 342 1370 ct'Justitia'm
355 1300 429 1373 e'jus,
443 1305 471 1356 et
486 1299 660 1358 haecomnia
674 1299 848 1373 adjicientur
862 1317 915 1356 vo·
970 1298 1078 1356 relictis
1094 1297 1232 1358 omnibns
1248 1313 1382 1372 surgens,
1394 1304 1513 1358 secutus
1529 1303 1573 1357 est
1586 1297 1718 1358 illumltt
1729 1291 1796 1357 iecit

86 1388 129 1445 bis
147 1383 260 1459 (narrt.
275 1389 323 1462 vv).
342 1411 356 1439 ιι
970 1389 995 1445 ei
1010 1387 1173 1445 convivium
1188 1389 1329 1462 magnum
1353 1389 1383 1444 in
1399 1389 1485 1445 domo
1501 1406 1565 1456 sua,
1582 1393 1611 1446 et
1631 1394 1694 1446 erut
1710 1389 1796 1446 turbo

118 1501 134 1528 «
154 1465 251 1534 Sebrii
267 1479 368 1546 estote,
385 1479 413 1534 et
426 1475 552 1552 vigilate.
562 1501 576 1529 ιι
585 1479 707 1552 Semper
717 1479 746 1534 in
759 1477 915 1535 sobrietate
970 1478 1062 1534 multa
1075 1475 1298 1550 publicanorum
1313 1467 1562 1534 discumbentium
1578 1495 1645 1535 cum
1661 1495 1705 1536 co.
1722 1469 1795 1552 llrgo

83 1567 110 1622 et
126 1565 277 1623 modestia
288 1565 379 1623 vitam
393 1565 520 1623 vastrain
536 1567 681 1637 habetote,
692 1564 824 1624 caventes
840 1559 916 1641 serii·
970 1561 1118 1642 publicani
1133 1572 1162 1622 et
1177 1572 1343 1640 peccatores
1366 1565 1497 1624 videntes
1522 1559 1683 1642 principem
1706 1573 1795 1624 suum

81 1671 135 1728 per
151 1655 278 1711 a'stutias
293 1652 412 1722 diaboli,
429 1659 458 1710 e't
470 1653 588 1728 vigilate
610 1655 722 1729 jugiter
735 1655 765 1711 in
781 1655 916 1712 custodia
970 1661 1030 1712 tam
1046 1651 1203 1728 benigne‘a
1218 1652 1276 1712 Deo
1292 1672 1349 1712 uon
1366 1655 1461 1712 solum
1473 1660 1632 1728 receptum,
1644 1645 1794 1714 sedetiam

80 1740 296 1799 inundaturum
313 1743 373 1813 hei,
389 1748 417 1799 et
433 1743 461 1798 iri
477 1744 610 1800 custodia
625 1743 790 1801 animarum
806 1747 914 1801 vestra·
970 1745 1000 1800 in
1016 1742 1147 1800 ordinem
1164 1743 1343 1815 apostolatus
1358 1748 1503 1814 vocatum,
1516 1735 1633 1802 tandem
1644 1749 1796 1817 resumpta

79 1849 163 1888 rum.
181 1827 344 1906 Sequitur:
971 1831 1087 1902 liducia,
1104 1831 1190 1906 quasi
1214 1831 1312 1904 aegroti
1329 1833 1365 1888 ad
1390 1827 1536 1889 medicum
1553 1837 1747 1904 accesserunt,
1764 1835 1795 1916 ut

116 1946 131 1970 «
155 1919 231 2000 Quia
246 1916 440 2000 sdversarius
451 1923 546 1978 vester
566 1920 700 1980 diabolus
715 1921 856 1997 tanquam
871 1922 915 1979 leo
969 1913 1105 1979 audirent
1113 1920 1251 1977 illumilt
1262 1937 1319 1976 non
1334 1918 1430 1977 solnm
1446 1910 1794 1996 ad'colloqueudumsed

77 2033 88 2062 ιι
104 2008 236 2082 rugiens
247 2007 359 2076 circuit,
368 2010 501 2081 quaerens
512 2025 599 2084 quem
608 1996 734 2066 devoret.
748 2033 762 2060 ιι
778 2009 915 2066 ltiabolus
968 2011 1056 2068 ctiam
1072 2011 1108 2067 ad
1119 2003 1351 2068 convescendum
1363 2001 1472 2084 recepti
1483 2015 1562 2068 sunt.
1572 2012 1653 2079 Quod
1663 2012 1795 2070 videntes

78 2097 165 2156 enim
181 2095 336 2170 uunquam
351 2093 511 2165 dormiens,
521 2099 673 2172 nunquam
685 2090 721 2154 ab
736 2097 852 2154 insidiis
863 2099 914 2156 ho·
968 2099 1071 2158 scribas
1086 2105 1115 2156 et
1130 2097 1279 2171 Pharisaei,
1295 2099 1345 2172 qui
1369 2099 1404 2154 de
1430 2097 1504 2156 laisa
1522 2100 1639 2172 justitia
1664 2101 1720 2158 sibi
1744 2119 1795 2176 ap·

78 2187 204 2244 minum
221 2185 417 2260 requiescens,
427 2186 479 2242 sed
492 2184 662 2260 semperdie
673 2189 701 2244 et
716 2191 799 2243 nocte
812 2186 916 2244 circuit
969 2188 1158 2264 plaudebant,
1174 2205 1232 2244 neu
1248 2187 1344 2244 solum
1362 2192 1485 2262 egrotos
1499 2179 1697 2246 ad'meoteurn
1714 2207 1796 2248 acce-

79 2275 228 2333 tentandu
244 2278 273 2332 et
298 2273 421 2331 insidias
445 2273 579 2348 ponendo
594 2275 774 2343 hominibus,
791 2269 917 2350 qualiter
968 2280 1081 2346 dentes,
1097 2279 1148 2334 scd
1174 2277 1262 2334 ctiam
1282 2276 1380 2350 ipsum
1403 2277 1551 2333 medicum
1566 2294 1616 2334 ore
1629 2267 1796 2336 contumaci

81 2363 270 2440 quemquam
282 2358 410 2431 illalum,
420 2361 470 2435 qui
481 2361 531 2443 Dei
541 2363 689 2421 voluntate
702 2361 915 2437 subjectisunt,
970 2334 1229 2442 reprehendemur,
1247 2365 1377 2424 dicentes
1394 2382 1401 2422 :

83 2473 142 2510 sua
158 2449 253 2510 valeat
274 2451 463 2525 suggestione
485 2449 627 2526 decipere,
643 2477 657 2505 ιι
683 2471 816 2528 quereus
829 2451 916 2528 quern
1005 2482 1019 2508 «
1037 2457 1110 2522 Quia
1125 2455 1170 2512 hic
1194 2460 1359 2528 peccatores
1383 2455 1496 2529 recipit,
1511 2461 1540 2512 et
1554 2457 1714 2514 manducat
1728 2475 1796 2514 cam

85 2541 207 2598 devoret
221 2547 239 2592 ιι·
253 2539 310 2597 ιιοιι
326 2543 455 2614 corpore,
467 2543 518 2598 scd
534 2538 643 2611 enimc,
660 2537 864 2617 quemcunque
880 2539 915 2600 ad
970 2569 984 2598 ιι
1001 2545 1069 2602 illis.
1080 2569 1094 2596 ιι
1106 2543 1187 2600 Unde
1202 2543 1418 2618 cognoscimus,
1428 2545 1498 2618 quia
1512 2546 1590 2602 sicut
1605 2535 1797 2621 vcrajustitia

88 2632 192 2686 nociva
213 2625 241 2686 et
266 2626 382 2685 inutilia
404 2626 498 2686 v'alest
511 2631 678 2704 pertrahere
694 2627 823 2689 carnalia
838 2633 917 2690 desi·
970 2633 1203 2706 compassionem
1220 2632 1317 2702 habet,
1331 2635 1373 2690 sic
1388 2634 1463 2691 i'ulsa
1477 2623 1724 2710 dedignationem.
1741 2625 1796 2692 lto-

90 2719 182 2774 deria.
971 2719 1796 2798 miuusautemJasusChristusvcramjustitiamhabeus,

126 2833 140 2858 ιι
156 2808 206 2864 Cui
223 2805 359 2876 resistite,
382 2807 472 2864 fortes
488 2807 518 2864 iii
532 2809 599 2866 fide.
616 2829 631 2860 ιι
648 2805 786 2886 sx'etnpto
811 2801 918 2868 Christi
971 2811 1173 2884 compassione
1189 2815 1217 2866 et
1241 2809 1442 2868 misericordia
1463 2810 1636 2884 publicanos
1650 2817 1680 2869 et
1694 2829 1797 2889 peccc-

93 2889 121 2952 et
136 2899 303 2955 sanctorum
315 2895 380 2970 ejus
391 2895 611 2955 contemnentes
622 2895 807 2957 dulcedinem
818 2917 918 2958 carna·
971 2906 1049 2957 tures
1058 2900 1205 2972 suscipere
1215 2916 1272 2955 non
1281 2903 1325 2956 est
1333 2899 1518 2972 dedignatus.
1526 2899 1797 2975 Pharisaiquidem

96 2979 131 3042 lis
146 2983 710 3061 cuncupiscentice,recordantesjugiter
725 2987 796 3061 quid
806 2989 844 3046 sit
858 2984 917 3046 illis
972 2989 1022 3063 qui
1037 2987 1110 3046 laiso
1125 2987 1264 3060 sejustus
1279 2987 1572 3056 arbitrabantur,non
1583 2989 1678 3048 solum
1695 3007 1796 3065 pecca-

97 3069 298 3133 amaritudinis
314 3067 521 3151 praeparatum,
541 3073 592 3150 qui
617 3073 771 3135 desideriis
794 3076 917 3136 terrenis
971 3069 1048 3134 tores
1064 3075 1274 3150 despiciebant,
1286 3077 1337 3132 sed
1352 3077 1451 3151 ipsum
1467 3078 1614 3135 medicum
1629 3085 1797 3160 peccateres

98 3163 264 3234 inserviunt,
277 3182 329 3222 uec
342 3165 469 3222 converti
484 3183 500 3220 a
515 3163 628 3221 malitia
642 3179 697 3222 sua
711 3183 763 3239 por
777 3168 918 3240 poeniten·
952 3171 1121 3238 ,vocantem
1137 3163 1444 3239 reprehendebant.De
1460 3183 1583 3238 quorum
1598 3185 1719 3224 numero
1735 3172 1798 3225 erat

96 3245 343 3311 tiamvolunt.Nos
353 3254 682 3328 ergolld'eliterltomina
691 3254 836 3312 adherere
845 3261 920 3314 sata·
934 3231 956 3304 C
972 3255 1020 3312 ille
1036 3272 1113 3312 unus
1127 3254 1303 3322 Pharisaeus,
1319 3253 1437 3310 nomine
1451 3250 1563 3327 Simon,
1575 3255 1625 3330 qui
1640 3273 1708 3314 cum
1724 3257 1797 3313 iuvi-

95 3357 209 3414 gamus‚
217 3344 340 3429 eiusque
350 3341 493 3417 precepta
503 3342 615 3417 jugiter
630 3341 920 3429 meditemur,carnis
972 3349 1065 3402 tas'sct
1077 3343 1235 3400 Dominum
1246 3343 1282 3398 ad
1294 3342 1414 3424 domum
1426 3337 1559 3411 suamet
1569 3344 1689 3402 vidisset
1697 3344 1798 3424 mulie-¹

96 3429 204 3487 uestrae¹
214 3429 360 3488 desideria
374 3430 570 3502 conteramus,
578 3437 607 3489 et
619 3429 792 3490 resistamus
807 3435 920 3492 sortiter
973 3450 1034 3490 rem
1050 3431 1241 3506 peccatricem
1256 3429 1394 3504 lacrymis
1408 3428 1496 3503 pedes
1517 3430 1583 3504 ejas
1597 3431 1753 3505 rigantem,
1768 3437 1798 3489 et
1873 3427 1881 3440 “

94 3519 208 3577 diabole
221 3517 301 3576 hosti
316 3519 506 3596 nequissimo,
516 3517 546 3576 iu
562 3519 619 3578 fi'de
635 3517 722 3593 iectu,
732 3523 762 3579 in
772 3541 824 3598 spe
835 3521 919 3582 lirma
973 3521 1087 3595 capillis
1101 3521 1164 3578 suis
1179 3523 1352 3594 tergentem,
1361 3518 1476 3576 dicebat
1493 3519 1522 3576 in
1534 3519 1619 3577 corde
1632 3537 1686 3578 sua
1700 3538 1707 3576 :
1719 3541 1734 3571 ιι
1745 3520 1797 3578 Hic

94 3608 130 3662 ad
156 3598 205 3666 itai
230 3605 440 3682 omnipotentis
465 3607 707 3680 misericordiam,
724 3609 756 3668 iu
777 3605 919 3673 charitate
973 3613 997 3670 si
1013 3615 1091 3669 esset
1105 3609 1257 3684 propheta,
1273 3609 1361 3692 sciret
1384 3609 1485 3681 utique
1509 3626 1572 3684 qua
1596 3613 1626 3666 et
1643 3609 1738 3682 qualis
1753 3593 1799 3666 cst

93 3699 219 3768 perlecta
233 3699 269 3756 a'd
285 3697 438 3756 servitium
454 3699 528 3770 ejus,
546 3699 576 3755 in
601 3701 738 3773 operibus
754 3705 918 3762 misericor·
972 3702 1032 3758 hec
1048 3699 1164 3767 mulier,
1189 3702 1255 3771 quea
1279 3698 1373 3774 tangit
1396 3713 1474 3765 eum,
1491 3699 1561 3771 quia
1584 3699 1729 3772 peccatrix
1753 3703 1799 3756 cst

91 3787 147 3842 dtae
164 3791 191 3845 e't
203 3781 332 3861 pietatis,
347 3793 380 3844 ut
395 3787 460 3860 ejus
475 3779 616 3862 largiente
632 3787 736 3864 gratia.
753 3809 919 3851 mereamur
972 3791 1047 3864 (Lac.
1064 3789 1124 3861 vn).
1141 3813 1155 3840 ιι
1181 3791 1273 3858 Quem
1297 3788 1477 3861 preveniens
1501 3787 1655 3864 Domitius,
1675 3787 1796 3870 attilii:

90 3879 118 3930 et
135 3875 172 3932 de
183 3869 265 3934 hoste
280 3871 838 3950 triumphu'm,etuternebeatitudiuis
849 3899 918 3955 pre·
972 3902 986 3958 ιι
1002 3878 1112 3948 Simon,
1129 3877 1222 3934 babeo
1238 3876 1291 3932 tibi
1315 3875 1427 3960 aliquid
1449 3877 1554 3934 dicere.
1570 3880 1609 3960 At
1627 3877 1676 3934 illc
1700 3875 1796 3934 dixit:

92 3965 198 4023 mium.
971 3968 1119 4050 Magister,
1136 3966 1193 4021 dic.
1205 3989 1220 4016 ιι
1234 3964 1282 4021 Ait
1297 3964 1359 4021 illi:
1377 3987 1391 4016 ιι
1407 3965 1470 4022 Duo
1486 3965 1632 4023 debitores
1648 3967 1799 4042 erantcui-

127 4077 142 4102 ιι
161 4053 235 4112 lteus
250 4058 348 4111 autem
364 4054 460 4111 omnia
481 4051 590 4128 gratie,
607 4055 657 4130 qui
684 4059 796 4114 vocavit
818 4075 871 4116 uos
886 4058 916 4117 iu
971 4058 1038 4114 dam
1055 4054 1306 4122 feneratori,unus
1321 4054 1445 4110 debebat
1458 4053 1592 4111 denarios
1609 4055 1798 4128 quingentos,

90 4162 104 4188 ιι
121 4145 258 4200 eternam
275 4160 360 4199 suam
376 4141 499 4216 gloriam
514 4143 544 4200 iu
561 4141 684 4215 Christo,
697 4169 712 4196 ιι
722 4146 915 4220 periucarua-
971 4149 1000 4203 et
1014 4143 1089 4202 alius
1112 4142 1338 4216 quinquaginta.
1353 4141 1416 4197 Non
1438 4133 1614 4200 habentibus
1637 4142 1695 4198 illis
1719 4131 1797 4200 unde

90 4209 200 4288 donem
216 4229 358 4307 uuigciriti
382 4231 448 4288 Filii
471 4229 528 4300 sui,
545 4251 633 4306 quem
647 4251 700 4309 pro
716 4236 820 4292 mundi
835 4236 917 4294 misit
970 4235 1135 4297 redderent,
1145 4229 1262 4287 donavit
1276 4229 1418 4302 utrisque.
1428 4229 1498 4298 Quis
1510 4247 1578 4304 ergo
1591 4247 1659 4288 eum
1673 4230 1741 4304 plus
1750 4233 1796 4288 di-

91 4303 170 4375 mori
181 4319 285 4378 scilute.
970 4324 1059 4398 ligere
1074 4319 1166 4391 (ibid.)
1182 4341 1197 4370 ιι
1213 4317 1337 4375 habuit?
1347 4320 1382 4374 At
1394 4316 1443 4375 ille
1457 4318 1522 4391 boc,
1531 4319 1609 4393 quod
1623 4315 1728 4394 negare
1738 4336 1796 4378 nou

126 4431 142 4458 ιι
160 4401 303 4467 llodic'iim
316 4397 432 4489 pa'ssus,
445 4431 458 4460 ιι
475 4406 527 4484 qui
542 4411 572 4467 in
587 4409 642 4468 hoc
657 4403 768 4470 maudo
782 4407 916 4487 quamvls
971 4411 1074 4487 potuit,
1086 4407 1246 4482 respondit,
1258 4407 1358 4464 dicens
1370 4423 1377 4462 ²
1391 4427 1406 4458 a
1418 4407 1541 4464 AEssiiffl⁰
1554 4409 1623 4480 qui&
1633 4408 1658 4466 5⁸
1669 4409 1716 4465 0¹¹1
1729 4408 1796 4483 plut

90 4495 198 4554 modici
212 4499 366 4576 t'e'mporis,
383 4497 492 4556 multas
507 4501 649 4556 sustinuit
663 4495 714 4576 pro
729 4501 814 4560 nobis
838 4501 916 4592 iuiu-
970 4500 1087 4559 donavit
1102 4483 1194 4573 (ibid).
1213 4519 1227 4548 ιι
1242 4498 1277 4554 llt
1299 4512 1458 4554 conversus
1482 4497 1519 4554 ad
1544 4496 1707 4578 mulierem,
1724 4498 1797 4556 uixit

91 4580 204 4656 rias,ad
214 4587 360 4654 ¹ultimum
375 4587 464 4647 etiam
480 4583 636 4646 crucifixus
648 4589 676 4646 et
686 4585 800 4648 occisus
810 4596 855 4649 cst
863 4611 916 4678 pro
932 4592 960 4674 p·
971 4589 1082 4648 Simoni
1094 4607 1101 4646 :
1114 4611 1128 4638 ιι
1139 4587 1228 4644 Vides
1238 4576 1314 4643 hauc
1326 4585 1500 4643 mulierem?
1510 4586 1616 4644 latravi
1628 4586 1659 4644 iu
1674 4588 1795 4646 domum

94 4665 291 4750 redemptione
306 4679 457 4746 nostrast
467 4671 541 4734 mori
552 4674 690 4754 dignatus
700 4683 745 4737 est
754 4695 807 4754 pro
821 4681 916 4739 nobis.
972 4681 1181 4750 tramaricam
1198 4675 1321 4749 pedibus
1336 4675 1408 4732 meis
1424 4691 1481 4732 uon
1497 4675 1615 4744 dedisti,
1626 4676 1686 4733 haec
1697 4682 1796 4735 autem

93 4740 297 4840 ldodicuuiqri‘e
310 4763 453 4841 temporis
464 4771 594 4824 retentus
604 4785 621 4824 a
633 4772 737 4840 morte,
746 4763 845 4827 statim
855 4788 918 4827 sur-
971 4767 1109 4842 lacrymis
1124 4766 1229 4840 rigavit
1243 4765 1332 4840 pedes
1347 4781 1439 4835 meos,
1453 4768 1482 4822 et
1497 4765 1611 4839 capillis
1625 4766 1688 4824 suis
1702 4766 1795 4823 tersit.

93 4851 165 4909 rexit
177 4856 264 4914 tertia
278 4852 335 4914 die‘.
971 4855 1110 4914 Osculum
1126 4853 1198 4911 mibi
1214 4863 1271 4909 non
1286 4853 1402 4921 dedisti,
1410 4853 1469 4910 hoec
1481 4859 1578 4910 uatem
1590 4871 1625 4910 ex
1637 4871 1694 4927 quc
1706 4856 1796 4912 iatra-

128 4963 142 4990 «
158 4939 225 5018 lps'e'
234 4937 368 5026 perlimat
383 4967 397 4996 ιι
412 4939 442 5002 iu
458 4943 544 5003 uobis
558 4945 669 5002 bonum
686 4947 764 5027 quod
780 4954 915 5022 caeperat,
969 4947 1008 5016 vi,
1025 4962 1083 5002 uon
1105 4943 1229 5000 cessavit
1251 4942 1376 5000 osculari
1400 4944 1490 5019 pedes
1510 4960 1601 5000 meos.
1618 4941 1686 5000 Olco
1709 4948 1799 5018 caput

95 5031 203 5106 ripsque
224 5032 254 5090 iia
270 5035 325 5092 susi
340 5031 456 5108 semper
470 5031 631 5104 voluntate,
646 5039 675 5092 et
690 5035 719 5091 in
734 5035 833 5093 divina
850 5037 915 5094 reli·
972 5052 1070 5093 meum
1082 5051 1140 5091 non
1150 5031 1337 5098 unxisti,bee
1348 5037 1446 5089 autem
1459 5033 1796 5106 unguentouaxitpedes

95 5113 175 5192 pota
197 5118 352 5180 coblirmet
375 5128 403 5180 et
426 5110 604 5197 corroboret,
619 5147 634 5176 ιι
658 5125 687 5180 iu
702 5126 918 5198 perseverantia
972 5141 1062 5182 meos.
1083 5112 1204 5196 Propter
1218 5121 1297 5194 quod
1312 5121 1377 5176 dico
1400 5120 1464 5190 tibi,
1481 5121 1672 5179 remittuntur
1686 5123 1712 5179 ai
1727 5139 1797 5196 pec-

94 5194 232 5271 b'a'ne‘iur'ri
247 5197 381 5286 operum.
969 5217 1035 5271 cata
1049 5209 1142 5268 multa
1156 5207 1247 5284 (ibid).
1264 5231 1279 5259 ιι
1295 5210 1350 5267 Sed
1374 5209 1434 5267 illis
1459 5211 1724 5283 murmurantibus,
1740 5213 1796 5270 Do·

444 5367 447 5381 ¹
706 5295 712 5306 '
968 5301 1068 5360 minas
1083 5293 1173 5356 talem
1188 5285 1414 5358 similitudinem
1437 5300 1584 5371 adhibuit,
1600 5306 1633 5358 ut
1647 5307 1676 5358 et
1692 5305 1797 5359 eorum

340 5453 348 5466 Ἰ
367 5355 519 5466 MILIA
537 5350 632 5460 ων·
968 5387 1231 5450 murmurationem
1247 5405 1282 5444 ex
1297 5387 1409 5446 ratione
1425 5383 1631 5464 compesceret,
1639 5397 1668 5448 et
1678 5391 1744 5465 ipsa
1756 5391 1795 5448 si·

206 5441 349 5502 mim
368 5451 482 5510 mm
499 5455 567 5502 ’ω’
585 5449 792 5502 'mmm‘
968 5479 1102 5537 rniliturlo
1118 5475 1268 5550 adipsum
1291 5477 1448 5538 Auctorem
1473 5480 1606 5538 omnium
1630 5480 1796 5555 specialiter

128 5543 204 5642 [luc.
216 5561 276 5642 riv.)
287 5594 301 5620 ιι
315 5567 347 5628 iri
358 5567 407 5628 illo
419 5568 550 5644 tempure
561 5585 568 5625 z
580 5560 669 5625 lirant
679 5565 914 5644 appropinquan-
967 5568 1137 5647 pertineret.
1259 5637 1260 5642 η

102 5646 167 5717 «as
177 5654 213 5716 td
227 5657 330 5720 Je'saim
344 5657 494 5740 publicant
508 5655 537 5720 et
548 5655 725 5736 peccatores,
737 5663 769 5718 ut
779 5653 916 5722 audirent
1003 5681 1018 5717 ιι
1033 5653 1081 5718 nit
1090 5651 1169 5716 euim
1181 5649 1217 5715 ad
1229 5646 1295 5716 iilos
1305 5656 1475 5734 parabolani
1486 5647 1583 5731 istum,
1593 5657 1693 5718 diceris
1704 5673 1710 5716 :
1722 5646 1794 5724 auis
