3988 6180
125 299 176 368 nnn
717 273 895 370 nonius
915 298 955 360 ru
978 299 1065 365 aar.
1089 301 1216 366 nunu.
1757 311 1818 374 aro

122 448 166 504 per
177 429 273 488 maias
290 428 679 505 suggestionesinsidiatur
691 446 744 504 per
757 430 828 487 vitia
842 431 939 486 carnis
953 433 980 498 Α
994 431 1107 489 tudinis
1120 432 1149 488 iu
1158 432 1293 506 paradiso
1306 435 1357 492 Dei
1374 435 1454 492 inisti
1463 435 1569 509 (lineet.
1577 439 1686 512 nuri),
1697 463 1712 492 ιι
1723 445 1752 499 et
1762 460 1817 501 00-

122 523 230 589 nostra,
244 523 274 574 et
289 519 436 579 incentiva
450 517 595 575 matarum
608 517 846 576 delectationum.
863 518 936 575 iusi·
990 523 1053 576 tera
1067 537 1132 594 quae
1146 521 1188 577 ibi
1198 521 1338 580 dicuntur
1347 525 1383 581 da
1397 524 1541 582 bocetdc
1555 526 1737 601 principibus
1745 530 1817 588 alis·

118 608 210 666 dictur
222 623 277 682 per
289 607 442 664 ministros
456 625 527 664 snos
538 612 571 663 ut
583 623 636 681 per
644 607 796 664 hereticos
805 612 834 663 et
846 607 937 664 taisos
990 624 1056 664 rum
1063 605 1815 688 gentiumAEgyptiorrrrn,tssyriorum,idnmeornm

115 698 213 756 eures
228 701 316 770 atque
331 713 472 772 paganos.
487 697 543 754 Sed
556 701 658 754 contm
672 696 727 753 bos
741 713 843 753 omncs
853 696 938 754 debc-
989 696 1062 754 Nam
1077 715 1131 772 per
1150 699 1297 774 principes
1318 699 1361 756 iili
1375 702 1525 760 demones
1539 702 1746 782 intelliguntur
1758 705 1817 762 ssiis

114 803 176 847 nius
191 803 246 842 nos
265 785 389 842 viriiiter
412 790 603 859 pugnarant
621 784 770 860 possimus
785 799 935 859 superare.
990 786 1817 866 gentibnsprepositi.Sicutenimunusquisqueildelinm

111 874 230 935 Poterat,
243 873 352 948 aliquis
373 874 494 932 dicere:
515 873 539 940 0
560 874 659 945 Paule,
687 889 777 948 quere
801 873 935 948 precipis
990 873 1078 932 babet
1089 877 1198 934 bunum
1210 877 1348 952 angelum
1359 879 1526 956 delegatum
1537 882 1576 937 ad
1585 877 1749 940 custodiam
1758 867 1816 954 sui,

110 979 225 1030 omnem
242 967 422 1024 armaturam
439 963 489 1020 ilci
510 963 655 1020 indueret
669 963 709 1020 ld
724 962 786 1019 bec
801 962 850 1020 ille
864 963 935 1020 sub·
990 963 1031 1020 ita
1044 969 1073 1020 et
1083 967 1190 1040 pagani
1205 966 1315 1024 babent
1326 966 1421 1026 malm
1436 967 1567 1043 angelos,
1584 969 1634 1043 qui
1649 970 1692 1030 eis
1706 971 1817 1050 princi„

104 1052 204 1127 J‘nngit
222 1069 230 1109 :
989 1058 1099 1126 pautur
1104 1054 1297 1129 permissione
1306 1055 1367 1113 ilci.
1379 1056 1413 1112 iit
1422 1057 1499 1114 sicut
1508 1058 1631 1116 idicbaei
1641 1059 1817 1133 prepositus

143 1165 157 1192 u
174 1141 249 1207 Quis
263 1159 321 1198 non
335 1145 381 1199 est
394 1141 491 1210 nobis,
504 1165 518 1190 u
528 1141 694 1216 inquiens«
710 1140 876 1198 colluctatio
887 1141 936 1197 ad·
988 1145 1034 1198 est
1045 1143 1124 1217 genti
1139 1143 1319 1212 iudeorum,
1335 1145 1370 1202 de
1382 1162 1441 1218 quo
1455 1147 1581 1204 dicitur:
1595 1170 1609 1199 u
1624 1148 1659 1204 iit
1674 1165 1761 1206 nemo
1770 1155 1815 1206 est

108 1255 122 1282 u
138 1247 242 1288 versus
256 1246 376 1287 carnem
392 1233 421 1287 et
435 1229 621 1304 sanguinem,
636 1230 688 1286 sed
704 1230 843 1286 adversus
854 1229 934 1302 prin·
989 1230 1062 1288 mibi
1077 1232 1204 1303 adjutor,
1214 1233 1271 1289 nisi
1280 1233 1403 1291 Michael
1413 1235 1548 1310 princeps
1559 1237 1814 1310 noster(ilon.x),»

107 1343 121 1371 c
133 1319 213 1393 cipes
219 1323 249 1376 et
255 1323 424 1393 potestates,
434 1341 449 1369 »
460 1323 514 1376 etc.
527 1321 650 1376 Carnem
661 1323 689 1375 et
701 1317 934 1392 sanguinemap-
989 1319 1029 1376 ita
1043 1320 1152 1378 babent
1166 1325 1196 1378 et
1210 1325 1311 1396 gentes
1322 1323 1352 1379 in
1368 1323 1539 1382 infidelitate
1552 1329 1704 1384 manentes
1719 1325 1814 1386 malos

106 1406 936 1482 peilatApnstoiusistoiocoomnesbomiues,quiconstnnt
988 1409 1144 1484 principes.
1156 1410 1814 1490 Dicamusaitius:Apostolus,rep1etusgrntia

104 1515 138 1554 ex
148 1515 237 1556 cerne
249 1497 440 1572 etssnguiue,
451 1497 584 1570 aquibus
595 1495 778 1570 pierumque,
793 1497 935 1553 suadente
987 1499 1048 1568 Dei,
1065 1500 1199 1574 coguovit
1214 1518 1266 1574 per
1276 1501 1418 1575 Spiritum
1430 1503 1812 1578 sanetum,qniasicutboni

100 1587 232 1656 diabolo,
248 1588 476 1662 impugnamur:
488 1590 517 1642 et
531 1586 613 1654 dicit,
628 1586 698 1659 quia
713 1601 772 1642 non
788 1588 833 1642 est
848 1585 934 1642 nobis
987 1603 1070 1660 reges
1085 1588 1282 1647 israelitarum
1307 1590 1513 1664 significabant
1536 1592 1695 1650 Dominum
1710 1593 1813 1652 iesum

98 1675 281 1746 colluctatio,
293 1676 323 1732 id
334 1678 496 1750 estpugua,
508 1674 724 1732 adversusiiios
735 1673 932 1744 solummodo,
986 1677 1145 1748 christum,
1165 1684 1196 1736 et
1207 1679 1355 1754 principes
1370 1681 1420 1754 qui
1436 1685 1507 1738 suut
1521 1682 1550 1738 in
1574 1682 1713 1752 Ecclesia,
1732 1684 1812 1742 verbi

97 1765 523 1838 sadadversnsdemones,qui
534 1762 831 1838 principanturmaiis
841 1761 933 1819 bomi-
986 1767 1098 1840 gratia:
1113 1767 1210 1841 qualis
1221 1768 1276 1824 luit
1288 1769 1375 1826 David
1386 1771 1437 1843 qui
1447 1769 1813 1847 interpmteturmanascr·

97 1855 200 1912 nibus.
216 1858 246 1912 et
258 1858 434 1928 potestatem
448 1853 611 1910 exercendo
626 1869 715 1926 super
728 1852 804 1918 iilos,
825 1855 932 1924 regunt
988 1857 1034 1924 tis,
1050 1857 1110 1914 sive
1124 1857 1323 1924 dmidernhilis,
1340 1857 1448 1932 aliique
1462 1858 1688 1934 quamplurimi;
1705 1868 1734 1919 et
1753 1863 1812 1922 sic-

100 1943 172 2000 ilios
183 1942 282 2018 potius
293 1943 329 2000 ad
340 1942 452 2000 mnium
464 1959 553 2017 quam
569 1942 605 1998 ed
621 1943 742 1998 bonum.
756 1940 875 2014 ipsique
886 1957 934 2014 ap-
988 1951 1022 2001 ut
1036 1945 1162 2019 populus
1177 1945 1266 2004 israel
1279 1947 1464 2021 significabat
1477 1947 1619 2022 populum
1630 1951 1812 2012 credentiam

100 2032 253 2107 pellantur
264 2031 418 2106 spiritalia,
431 2031 574 2088 subaudis
587 2031 742 2100 damonia,
754 2029 894 2102 nequitis,
905 2027 934 2084 id
990 2035 1041 2108 qui
1055 2035 1199 2092 contueri
1213 2035 1361 2104 israelite,
1377 2037 1419 2094 sic
1434 2037 1504 2093 maii
1526 2054 1609 2112 reges
1623 2043 1652 2096 et
1666 2039 1813 2115 principes

101 2127 147 2180 est
173 2121 299 2188 malitia,
313 2120 364 2194 qui
387 2124 544 2178 morantur
566 2120 596 2176 in
621 2120 676 2176 hoc
696 2135 762 2176 nere
781 2119 856 2192 (tue.
872 2120 933 2188 xri).
989 2140 1057 2180 cum
1072 2124 1135 2180 sois
1149 2123 1286 2198 gentihus
1301 2125 1351 2198 qui
1366 2130 1467 2182 contra
1481 2125 1622 2200 populum
1638 2127 1689 2185 Dei
1704 2146 1814 2204 pugna·

103 2210 356 2284 Coelumdenique
369 2209 536 2283 appellatur
549 2226 599 2268 aer
614 2209 644 2266 in
663 2206 822 2282 Scripturis
833 2206 936 2264 sacris.
990 2213 1070 2280 bant,
1086 2216 1116 2269 ct
1130 2213 1248 2270 inerunt
1258 2229 1340 2287 reges
1351 2213 1566 2272 ismaelitarum
1575 2219 1604 2272 et
1618 2216 1813 2277 idumaeorum

102 2301 188 2362 Unde
201 2305 231 2358 et
245 2299 383 2358 auescoeii
397 2299 545 2358 dicuutur.
558 2299 625 2367 Qui,
636 2303 669 2354 ut
680 2297 848 2372 philosophi
859 2297 937 2353 dixe·
990 2305 1078 2375 atque
1093 2301 1336 2360 philisthinorum
1360 2302 1566 2378 significabant
1589 2306 1747 2378 demones,
1763 2308 1814 2382 qui

103 2396 187 2460 rant,
201 2393 230 2447 et
244 2387 702 2463 doctoresndstriopincntur,ite
715 2385 938 2460 plenusestdae·
991 2390 1195 2464 principantur
1215 2391 1338 2465 paganis
1362 2394 1390 2448 et
1410 2391 1564 2462 hereticis,
1580 2394 1632 2467 qui
1654 2395 1813 2456 ilcciosiam

103 2475 939 2552 monibusctmalignisspiritibus,sicutiradiussoiismi·
993 2479 1041 2538 ilci
1050 2479 1361 2554 semperimpugnant.
1370 2503 1384 2531 u
1394 2481 1550 2555 Propterea
1559 2485 1735 2554 »subaudis
1745 2485 1816 2559 quia

103 2568 276 2626 nutissimis
286 2567 405 2625 atomis
417 2566 727 2640 Contrabosergotam
742 2567 936 2640 pugnandum
991 2568 1156 2626 colluctatio
1166 2573 1210 2625 est
1220 2569 1306 2626 nobis
1322 2570 1464 2627 adversus
1479 2571 1626 2644 principes
1641 2576 1670 2629 et
1684 2579 1813 2647 potesta-

102 2659 351 2731 estnobis,quam
361 2657 449 2714 etiam
462 2661 566 2716 contra
578 2656 714 2716 homines
725 2657 892 2712 constantes
902 2672 936 2712 ex
990 2663 1045 2725 tes,
1061 2658 1126 2714 iden
1141 2681 1156 2709 c
1172 2657 1292 2731 aecipite
1307 2662 1488 2716 armaturam
1503 2659 1565 2731 Dei,
1578 2679 1592 2710 n
1603 2660 1639 2716 de
1653 2677 1712 2734 qua
1726 2679 1813 2736 supe-

101 2765 189 2806 narne
204 2752 234 2804 et
249 2746 404 2820 sanguine,
420 2745 490 2819 quia
504 2744 649 2818 quidquid
664 2743 734 2800 maii
754 2747 857 2800 contre
881 2759 935 2800 nos
990 2747 1051 2804 rins
1066 2747 1205 2816 diximus,
1222 2747 1252 2803 id
1267 2750 1433 2815 est,omues
1447 2748 1814 2822 virtutes,«utpossitisre-

102 2837 239 2895 homines
254 2834 471 2902 machinantur,
488 2835 524 2890 cb
538 2832 598 2890 iliis
608 2834 786 2908 suggeritur.
798 2833 833 2890 Et
844 2831 869 2888 si
887 2849 935 2890 eu·
989 2861 1003 2888 «
1016 2837 1119 2894 sistere
1129 2835 1158 2891 in
1169 2835 1216 2892 die
1227 2835 1314 2904 malo,
1325 2838 1355 2892 et
1368 2835 1398 2892 in
1413 2836 1552 2894 omnibus
1567 2836 1686 2909 perlecti
1695 2841 1783 2907 stara
1796 2859 1811 2890 n

102 2923 303 3000 peraveriruns
313 2921 379 2980 ilios
389 2923 439 2996 qui
450 2925 521 2982 sunt
530 2920 816 2996 principesmaiitia,
826 2925 854 2978 et
865 2937 935 2995 qun
988 2925 1018 2982 id
1033 2929 1087 2995 est,
1098 2923 1129 2981 in
1143 2924 1282 2982 omnibus
1294 2925 1442 2998 prosperis
1457 2929 1487 2982 et
1497 2925 1527 2981 in
1538 2925 1667 2984 adversis
1678 2942 1811 3001 perseve-

103 3031 169 3080 rum
176 3010 503 3070 instinctuvitiacnrnis
514 3015 621 3068 nostra
629 3014 731 3068 contra
739 3027 792 3068 nos
801 3011 932 3078 seviunt,
988 3031 1053 3071 rare
1068 3013 1145 3070 firmi
1158 3014 1189 3070 in
1205 3011 1262 3069 tide
1277 3012 1421 3086 bonisque
1435 3012 1582 3086 operibns.
1599 3013 1681 3072 iiiem
1698 3014 1810 3074 maium

103 3109 176 3170 tuuc
190 3101 280 3158 facila
289 3117 428 3176 superare
442 3087 605 3176 poterimus
617 3115 719 3156 omnes
735 3099 888 3156 ministros
898 3097 933 3154 ii·
986 3101 1114 3176 appellnt
1128 3118 1255 3175 presens
1270 3104 1397 3174 tempus,
1414 3119 1471 3160 uon
1487 3104 1563 3176 quod
1584 3121 1637 3177 per
1650 3121 1680 3162 se
1692 3105 1732 3162 sit
1747 3121 1810 3162 ma·

103 3191 180 3260 iins;
195 3190 278 3247 verbi
293 3189 388 3264 gratia
403 3206 410 3246 :
425 3189 516 3257 Sicut,
531 3192 668 3262 superato
691 3187 832 3262 principe,
849 3203 929 3246 exer·
945 3174 969 3242 C
985 3191 1057 3258 lum,
1074 3191 1124 3248 sed
1139 3191 1210 3262 quia
1232 3190 1325 3247 muita
1338 3189 1416 3248 mala
1438 3189 1469 3247 iu
1494 3207 1528 3249 eo
1552 3193 1634 3250 itaut.
1650 3193 1702 3250 Vei
1718 3193 1808 3252 etiam

103 3281 182 3338 citus
201 3277 286 3336 facile
301 3277 429 3353 lugetur.
445 3277 526 3343 Quod
551 3276 667 3351 probari
692 3281 789 3351 potest
803 3294 837 3333 ex
855 3275 931 3333 libro
985 3281 1062 3337 diem
1079 3278 1190 3336 maium
1206 3278 1278 3336 dicit
1293 3279 1369 3336 diem
1379 3281 1538 3352 judicii„in
1551 3299 1608 3355 quo
1623 3298 1726 3340 omnes
1736 3282 1806 3341 maii

103 3367 221 3441 iudith,
245 3385 304 3442 qno
332 3371 470 3426 nmrante
497 3366 651 3434 discimus,
677 3367 748 3440 quia
777 3365 931 3424 Holoferno
986 3369 1214 3436 damnabuntur.
1244 3399 1248 3407 ι

104 3458 242 3534 principe
255 3455 366 3512 militie
378 3456 563 3530 interempto,
580 3453 737 3514 multitudo
753 3454 932 3512 exercituum
1023 3479 1038 3509 «
1053 3457 1132 3514 State
1147 3473 1215 3531 ergo
1232 3458 1372 3515 succincti
1388 3458 1505 3517 lumbos
1525 3463 1637 3518 vestros
1658 3462 1688 3518 in
1703 3461 1811 3519 veum·

102 3549 134 3605 iu
148 3548 255 3622 fugam
269 3562 363 3614 versa,
379 3547 408 3602 et
422 3563 439 3601 a
451 3544 560 3602 iudeis
576 3549 621 3602 est
635 3543 773 3601 iaciiiime
796 3548 934 3617 superata
990 3571 1001 3598 ι
1018 3550 1056 3603 te.
1074 3569 1088 3596 u
1104 3547 1231 3604 Lumbos
1245 3545 1454 3622 succingimus,
1471 3564 1538 3606 cum
1558 3549 1705 3607 luxuriam
1721 3549 1812 3609 reine-

103 3637 223 3712 (lcditb.
235 3639 310 3706 xru).
325 3636 379 3692 Sed
390 3636 579 3708 quarendum
590 3633 792 3707 estquomodo
804 3647 934 3707 pugnare
989 3653 1105 3693 nemus.
1122 3635 1211 3705 State,
1228 3635 1335 3710 inquit,
1352 3636 1382 3692 in
1398 3637 1465 3706 tide,
1482 3637 1511 3694 id
1526 3643 1572 3696 est
1584 3637 1614 3695 in
1630 3641 1706 3697 bono
1716 3656 1814 3714 opere,

104 3726 260 3800 possimus
275 3727 377 3782 contra
390 3723 537 3782 deamones
552 3723 602 3796 qui
619 3723 740 3796 spiritus
756 3727 847 3781 sunt?
861 3723 934 3779 Nam
990 3725 1198 3798 restringentes
1208 3723 1326 3782 lumbos
1336 3743 1353 3781 a
1365 3725 1480 3782 luxurie
1491 3727 1539 3783 ubi
1552 3727 1774 3802 maximeviget,
1786 3733 1816 3786 et

103 3811 247 3872 omnihus
262 3817 353 3888 patet,
371 3817 470 3870 contra
485 3812 621 3885 spiritum
633 3811 724 3875 ermis
734 3810 935 3868 materialibus
989 3814 1089 3870 hocin
1104 3815 1225 3870 veritate
1240 3813 1336 3883 tacite,
1352 3831 1411 3871 uon
1433 3816 1463 3872 in
1480 3817 1632 3874 mendacio
1648 3833 1742 3892 neque
1763 3834 1816 3892 per

103 3922 166 3962 non
183 3919 271 3978 posse
280 3901 403 3977 pugnari
419 3903 458 3974 (ii
468 3905 530 3960 Gor.
544 3901 584 3975 x).
601 3901 782 3974 Quapropter
792 3899 862 3974 quia
875 3899 936 3973 spi·
990 3902 1178 3976 hypocrisim,
1195 3919 1247 3959 nen
1262 3907 1295 3959 ut
1308 3901 1425 3960 laudem
1440 3904 1602 3963 humanam
1618 3907 1751 3980 capiatis.
1765 3905 1819 3964 Vei

105 3994 185 4050 ritem
200 3995 271 4050 sunt
284 3995 314 4049 et
326 3990 500 4058 invisibiles,
517 4007 635 4048 necesse
650 3993 695 4048 est
710 3993 742 4045 ut
757 4005 838 4046 arina
853 3988 938 4064 spiri·
990 3991 1020 4047 in
1036 3991 1156 4048 veritate
1171 3990 1251 4059 dicit,
1263 4007 1315 4065 pru
1328 4009 1426 4050 amore
1440 3991 1568 4050 nominis
1579 3993 1696 4065 Christi,
1708 3995 1760 4068 qui
1773 3997 1819 4052 est

104 4081 203 4144 tantia
218 4083 417 4148 assumantur,
432 4079 558 4138 virtutes
574 4079 705 4158 videlicet
720 4095 811 4152 supra
826 4095 937 4148 memo<
991 4080 1097 4136 veritas
1111 4082 1200 4149 (locu.
1216 4083 1285 4150 xiv).
1302 4103 1316 4131 «
1334 4079 1448 4138 induite
1461 4080 1582 4138 loricam
1594 4082 1727 4155 justitia.
1744 4083 1818 4140 »ite-

104 4175 191 4242 rate,
206 4175 236 4228 et
251 4171 447 4230 detractemus
468 4186 502 4228 eu
526 4169 625 4238 modo,
641 4169 788 4242 quomodo
811 4166 938 4244 legimus
992 4173 1036 4226 cte
1054 4168 1171 4243 justitia
1191 4168 1287 4226 lorice
1311 4173 1509 4244 comparatur,
1534 4170 1604 4244 quie
1626 4169 1703 4228 siout
1725 4168 1817 4230 lorica

103 4260 200 4318 iacob
212 4259 355 4318 luctatum
368 4275 431 4318 esse
441 4275 509 4316 cum
522 4257 626 4332 angeio
636 4257 937 4332 orando‚jejunando,
993 4257 1095 4315 multis
1105 4256 1222 4315 circulis
1232 4259 1404 4328 contexitur,
1421 4257 1695 4331 itajustitiamuItis
1704 4257 1818 4316 mnud-

103 4347 268 4423 vigilaudo,
282 4347 452 4420 ceterisque
465 4346 551 4404 bonis
566 4347 705 4420 operibus
718 4346 892 4415 insistendo,
907 4349 939 4404 ut
993 4348 1049 4406 hus
1061 4351 1185 4405 constat.
1198 4346 1285 4405 iliter
1296 4365 1303 4404 :
1315 4347 1331 4406 J
1334 4346 1435 4405 ustitia
1445 4347 1606 4416 enimbene
1615 4346 1711 4406 lorica
1723 4351 1819 4423 potest

102 4439 186 4496 sicut
200 4434 309 4494 meruit
323 4433 472 4510 changeio
484 4440 586 4492 uncto
602 4434 733 4494 benedici
746 4451 813 4492 cum
824 4451 884 4507 qro
895 4434 939 4492 iu·
994 4437 1168 4512 comparari,
1180 4437 1251 4511 quia
1263 4437 1339 4494 sicut
1349 4435 1439 4494 lorica
1453 4443 1555 4512 pectus
1565 4437 1671 4509 munit,
1686 4441 1817 4497 ventrem
1859 4473 1861 4480 ,

101 4527 245 4584 elabatur
258 4523 368 4581 orendo
382 4523 458 4598 (Gen.
476 4524 575 4596 xxxu),
593 4523 634 4580 ite
648 4527 677 4580 et
700 4540 754 4584 nos
770 4525 937 4598 superando
954 4550 976 4616 n
994 4527 1123 4601 stringit,
1140 4525 1251 4584 temore
1266 4527 1401 4602 protegit,
1416 4527 1458 4584 ita
1468 4527 1584 4602 justitie
1599 4527 1764 4605 superfluas
1774 4544 1821 4585 co-

103 4613 261 4681 diaboInm
277 4611 430 4670 nilomino
444 4611 576 4678 benedici
591 4629 767 4670 mereamur.
793 4612 937 4670 Ceterum
993 4616 1159 4692 gitatioucs,
1176 4634 1240 4690 quo
1265 4615 1294 4673 in
1320 4621 1436 4691 pectore
1450 4616 1559 4674 versari
1574 4617 1677 4687 solent,
1693 4615 1818 4690 repellit,
1930 4627 1938 4636 ·

102 4703 200 4778 qnaeri
209 4705 317 4778 potest,
327 4700 378 4757 ubi
390 4701 534 4776 acceperit
543 4701 700 4776 Apostolus
711 4705 744 4758 ut
753 4703 900 4760 demones
911 4706 939 4759 et
994 4705 1154 4780 ingluviem
1166 4705 1276 4766 ventris
1291 4705 1452 4780 restringit,
1463 4705 1607 4764 luxuriam
1616 4722 1733 4780 quoque
1744 4721 1820 4762 com·

102 4791 258 4866 malignos
274 4788 407 4864 spiritus,
422 4789 569 4863 principes
584 4795 613 4847 et
628 4794 788 4864 potestates
803 4795 831 4847 et
847 4795 939 4848 recto·
995 4795 1107 4868 primit.

101 4897 152 4939 ras
169 4880 361 4938 tenebrarum
374 4878 482 4936 barum
497 4878 666 4954 appellaret,
678 4878 708 4942 id
723 4883 768 4936 est
782 4879 938 4938 hominum
1031 4907 1046 4936 a
1062 4886 1097 4944 iit
1108 4885 1228 4943 calceati
1241 4886 1339 4960 pedes,
1350 4884 1699 4954 »subaudissintvohis«
1710 4884 1739 4941 in
1751 4900 1822 4958 pra-

100 4967 287 5038 infidelium,
303 4967 396 5025 ocum
421 4966 620 5041 ignorantium
639 4973 668 5024 et
691 4973 889 5041 peccatorum.
905 4968 941 5026 ce
996 4995 1010 5023 «
1022 4975 1173 5048 mentione
1184 4974 1331 5049 Evangelii
1344 4975 1435 5048 pacis.
1449 4999 1463 5026 l
1484 4975 1517 5031 nt
1530 4979 1576 5034 est
1590 4991 1715 5034 sensus:
1738 4974 1822 5032 Sicut

101 5073 238 5143 quoram
249 5054 411 5114 ministerio
421 5057 538 5114 inerant
552 5055 889 5130 iiiiquondam,quihus
899 5056 941 5114 di·
996 5062 1044 5120 iile
1066 5063 1116 5137 qui
1131 5063 1273 5122 educatos
1297 5062 1385 5120 babet
1408 5064 1507 5138 pedes,
1523 5068 1674 5139 serpentes
1698 5064 1820 5138 spernit,

100 5147 195 5211 sebai
206 5163 213 5202 τ
226 5167 241 5196 «
253 5145 360 5206 Fuistis
372 5143 530 5218 aliquando
543 5145 668 5203 tenebre
678 5143 760 5218 (Epir.
772 5149 811 5216 v),
819 5169 833 5198 n
843 5145 873 5203 id
883 5151 938 5216 est,
995 5153 1106 5227 spinas,
1117 5169 1295 5226 omnemque
1305 5151 1492 5226 asperitatem
1502 5152 1554 5210 vis
1562 5170 1615 5227 pro
1626 5153 1718 5212 nihilo
1729 5151 1821 5212 ducit:

101 5232 246 5292 iniideles
262 5237 353 5291 mum
376 5233 544 5308 ignorantes
564 5237 596 5291 et
609 5240 786 5308 peccatores.
804 5234 847 5292 td
860 5236 940 5311 quod
994 5241 1035 5298 ita
1049 5245 1079 5298 et
1092 5258 1143 5298 vos
1168 5240 1317 5299 diabolum
1343 5245 1508 5315 serpentem
1537 5243 1704 5318 antiquum,
1722 5241 1823 5316 spinas

98 5319 279 5392 dicendum,
292 5323 370 5397 quod
385 5341 421 5380 ex
435 5323 510 5382 libro
525 5323 652 5382 Danielis
664 5323 736 5381 iilud
752 5325 874 5398 accepit,
889 5327 940 5384 ubi
996 5347 1123 5404 quoque,
1136 5330 1221 5389 idest
1235 5328 1387 5402 passiones
1398 5331 1602 5404 punctionum,
1614 5349 1731 5400 omnam
1742 5345 1824 5407 espa·

99 5413 236 5489 iegitur:
251 5411 413 5486 «Princeps
428 5412 604 5482 (trecorum,
620 5416 650 5470 et
673 5414 818 5488 princeps,
839 5415 940 5478 Persa·
996 5419 1113 5479 ritatem
1128 5419 1219 5493 bujus
1233 5419 1298 5477 vitae
1308 5419 1496 5490 contemnite,
1506 5425 1534 5478 et
1544 5420 1628 5486 liberi
1638 5423 1676 5490 ad
1686 5421 1823 5497 pradica-

98 5518 176 5561 rum
191 5503 277 5577 cocu.
293 5501 333 5574 x).
360 5524 374 5552 n
400 5501 440 5558 iix
462 5501 536 5558 libro
560 5519 677 5577 quoque
697 5503 866 5575 Ezechielis,
890 5507 941 5566 uhi
995 5509 1105 5568 tionem
1120 5507 1268 5584 Evangelii
1281 5507 1416 5578 incedite.
1427 5509 1539 5569 Aliter:
1554 5509 1607 5568 Per
1617 5511 1826 5590 calceamenta,

98 5591 218 5652 dicitnr
231 5591 269 5650 ad
284 5590 449 5667 principem
460 5591 528 5666 ‘iyri
540 5593 620 5650 :eiu
636 5591 823 5668 signaculum
834 5596 940 5657 simili·
996 5618 1060 5682 qua
1075 5617 1111 5662 ex
1123 5598 1248 5660 mortuis
1263 5597 1465 5661 animantibus
1479 5599 1565 5673 fiant,
1582 5601 1724 5660 debemus
1739 5595 1823 5657 intei-

280 5719 413 5786 Faunos.
435 5718 566 5786 cxvt11.
1627 5727 1666 5794 26
