3930 6172
80 319 131 382 tlt
682 317 858 380 lllllrllllAE
879 316 930 380 DE
953 317 1152 384 TEMPORE.
1707 329 1766 392 ΕΑΒ

78 452 166 528 ipsum
175 450 250 524 quod
261 448 339 518 dixit,
351 471 365 500 ιι
377 449 559 520 sicutoudio,
567 449 679 524 judico,
688 473 701 500 ιι
710 451 744 506 de
753 449 885 506 bumnni·
900 451 927 518 Α
942 451 1090 511 dientibus
1100 453 1194 512 trihus
1204 453 1477 528 discipulisdeFilio
1488 457 1615 516 suoutt
1625 457 1686 518 seio
1697 461 1767 535 quin

76 542 137 602 tutis
163 545 266 598 nature
278 537 411 614 intelligi,
433 557 523 614 quam
543 540 593 598 Dei
612 539 703 598 Filius
727 557 761 596 ex
775 539 887 614 virgine
942 565 956 594 ιι
972 543 1173 600 testimonium
1189 545 1253 616 ejus
1264 561 1365 602 rerum
1380 549 1433 603 est
1447 569 1461 596 ιι
1471 550 1685 618 Omneverum,
1697 567 1714 606 n
1725 567 1768 610 ue·

76 630 199 703 sumpsit.
212 628 283 686 Cum
293 633 428 702 ageretur
439 629 475 685 de
485 628 695 686 resurrectione
708 629 886 700 animarum,
941 629 1026 688 ritate
1038 649 1137 689 verum
1150 637 1203 690 ost.
1217 639 1293 690 Deus
1304 635 1381 690 enim
1392 635 1499 694 veritus
1509 641 1563 694 est.
1577 637 1767 712 utquisque

74 739 124 782 non
139 719 250 776 dicebat
268 717 359 785 audio,
375 717 426 775 sed
442 719 527 776 video.
539 741 553 769 ιι
570 719 652 775 Sicut
664 719 760 786 sudio,
773 719 885 791 judico,
940 736 1041 780 verum
1053 726 1108 793 est,
1124 739 1141 778 a
1157 727 1212 778 tleo
1223 739 1324 779 verum
1335 729 1395 780 est:
1409 728 1496 797 atquo
1507 724 1554 782 bic
1565 725 1768 783 testimonium

74 835 85 860 ι
100 807 272 880 etjudicium
281 807 499 878 meumjustum
509 811 562 864 ost.
574 831 588 858 ιι
598 807 679 864 Unde
692 813 736 864 est
739 807 886 880 judicium
941 809 1014 866 dixit
1024 810 1094 882 quid
1107 811 1154 868 sit.
1170 833 1184 862 «
1196 811 1299 884 Opere,
1314 812 1442 886 (inquil),
1455 831 1518 886 que
1529 830 1582 888 ego
1592 814 1678 882 iccio,
1689 815 1770 872 testi·

73 896 211 956 hominis!
225 894 299 962 Quin
311 895 459 968 sequitur:
484 919 497 946 ιι
514 897 577 952 Non
593 913 691 970 quero
706 896 885 954 voluntatem
941 921 956 950 ιι
973 899 1104 955 monium
1115 900 1270 973 perbibent
1280 900 1315 956 dc
1327 918 1383 957 me.
1398 925 1411 954 ιι
1423 901 1533 967 Deinde
1545 903 1693 975 udJunxit:
1708 927 1723 956 ιι
1734 905 1769 961 bt

73 1013 83 1036 ι
99 1001 198 1050 meum,
214 984 267 1040 sed
282 982 461 1040 voluntatem
481 985 546 1056 ejus
560 984 610 1058 qui
627 985 708 1042 misit
723 1003 779 1042 mo.
796 1009 809 1036 ιι
826 990 887 1044 Iste
942 1011 956 1040 ιι
971 989 1172 1046 testimonium
1183 990 1316 1062 perhibet
1327 992 1362 1048 de
1374 992 1489 1065 me,qui
1501 991 1765 1052 misitmePeten»

73 1073 161 1132 missio
177 1072 341 1128 incarnatio
356 1077 400 1130 est
415 1071 534 1142 Christi,
548 1091 611 1146 que
628 1075 664 1130 od
680 1075 734 1132 boc
745 1075 819 1132 lucto
830 1079 884 1144 cet,
940 1077 1006 1150 Ipso
1021 1095 1084 1151 quoe
1100 1095 1188 1152 opere
1202 1079 1309 1146 lecito
1325 1080 1407 1137 Patre
1420 1097 1451 1138 se
1462 1081 1702 1154 accepissedicit.
1715 1084 1767 1142 'l'e-

72 1160 360 1236 utpoternsvoluntes
370 1161 751 1237 insolutehumnnigeueris
761 1181 884 1237 pereum
940 1166 1112 1223 stimonium
1128 1183 1196 1241 ergo
1213 1168 1366 1240 perhibent
1378 1186 1475 1242 opere,
1487 1169 1688 1230 testimonium
1704 1187 1767 1245 per·

71 1253 230 1310 efficeretur.
242 1251 366 1307 Videtur
380 1250 457 1308 enim
473 1251 502 1308 in
519 1251 574 1308 boe
589 1251 663 1320 loco,
677 1270 711 1308 ex
728 1253 774 1310 his
789 1254 885 1310 verbis
940 1253 1020 1312 hibet
1030 1257 1124 1323 Peter,
1137 1255 1188 1328 qui
1205 1257 1285 1314 misit
1297 1258 1539 1315 eum.·Perhibuit
1549 1257 1677 1318 Joennee
1688 1259 1768 1318 testi·

70 1339 214 1400 Sulrntoris
224 1339 329 1408 nostri,
341 1338 413 1396 vello
423 1357 491 1397 cum
500 1339 651 1397 insinuare
660 1341 745 1398 nobie
755 1342 829 1398 dues
838 1359 886 1398 ne·
940 1343 1072 1400 monium
1081 1345 1116 1400 do
1125 1343 1250 1410 Christo,
1259 1346 1538 1418 touqunmlucernn‚
1548 1363 1605 1404 non
1616 1347 1652 1404 ad
1661 1364 1766 1406 ennen-

70 1434 137 1488 tures
151 1430 180 1485 in
196 1445 229 1486 se
244 1445 322 1496 esse,
339 1433 367 1484 et
381 1425 479 1486 rerem
503 1428 609 1486 habere
626 1430 766 1497 unimam,
782 1431 812 1486 in
827 1448 886 1502 qun
939 1432 992 1488 dos
1001 1432 1603 1500 amicos,eedodconfundendosinimicos.
1613 1435 1765 1494 tamenim
1867 1453 1872 1458 ·

69 1520 119 1578 sole
131 1518 330 1576 voluntusest.
340 1517 493 1584 Ouennim
503 1519 798 1590 tnntuconjunctionc
809 1535 886 1576 com·
939 1525 1024 1577 autea
1039 1521 1211 1594 poedictum
1227 1525 1289 1578 oret
1301 1541 1317 1578 ιι
1328 1539 1452 1596 persono
1462 1524 1569 1584 Petris:
1586 1549 1600 1576 ιι
1610 1525 1709 1584 Perevi
1720 1525 1765 1582 lu·

69 1605 365 1674 mistaestllivinituti,
380 1612 411 1662 ut
422 1610 483 1664 tote
494 1606 627 1663 voluntas
639 1607 668 1662 in
680 1623 714 1664 on
724 1606 885 1678 spiritualis
939 1627 1056 1667 ceruum
1072 1609 1186 1666 Christo
1203 1627 1277 1668 mco.
1296 1611 1433 1668 Inimicos
1447 1615 1511 1684 ejus
1527 1613 1647 1671 induem
1663 1615 1765 1672 conlu-

67 1695 121 1762 iuit,
139 1695 188 1753 sed
209 1699 314 1752 temen
326 1712 383 1751 non
395 1694 542 1764 animulis,
562 1695 589 1752 id
603 1695 794 1754 estcsrnnlis.
811 1697 884 1754 Nem
939 1697 1767 1773 sionc,euperipsuinnutcmeillorobitsunctilicstiomen

66 1787 270 1858 cousequenter
285 1784 455 1856 subjunxit:
939 1791 1024 1860 (Psoi.
1039 1789 1144 1861 cxxxi).
1162 1811 1176 1838 »
1188 1793 1254 1844 ltsto
1268 1793 1411 1862 tauquam
1434 1790 1464 1846 iu
1481 1795 1565 1846 nocte
1580 1792 1704 1864 positus,
1720 1797 1764 1850 et-

93 1900 104 1925 ιι
120 1873 439 1948 siegotostimontum
456 1873 645 1947 perhibendo
663 1874 785 1948 meipso,
803 1877 885 1933 testi·
939 1877 1059 1935 tondieti
1085 1879 1113 1933 in
1144 1877 1293 1935 lucernum
1314 1882 1343 1934 ct
1369 1876 1540 1934 miretuses
1559 1878 1766 1948 lucernam,et
1850 1939 1871 1956 ,

66 1965 212 2020 «monium
222 1979 326 2021 meum
338 1980 395 2020 non
406 1966 571 2020 estvsrum.
584 1986 597 2012 ιι
609 1964 682 2020 Num
693 1963 769 2021 siout
781 1966 809 2020 iu
819 1983 885 2023 con·
939 1967 1091 2026 exsultasti
1108 1967 1144 2024 sd
1161 1966 1255 2024 lucem
1278 1965 1413 2024 lucerne.
1430 1965 1485 2024 Sed
1511 1964 1592 2022 illum
1616 1967 1765 2026 lucernum

65 2053 344 2127 sequentibusdixit:
357 2077 370 2104 ιι
378 2051 406 2108 Si
414 2051 545 2126 glorifico
553 2052 811 2128 meipsum,gloriu
821 2073 886 2113 moe
939 2057 1009 2114 dicit
1023 2073 1087 2114 esso
1103 2055 1206 2126 solum,
1219 2056 1248 2112 in
1261 2073 1319 2128 quo
1329 2055 1475 2112 exsultare
1484 2055 1601 2115 debeas.
1618 2057 1652 2116 ut
1666 2073 1768 2129 quom·

65 2141 124 2201 uihil
138 2147 196 2200 est:
213 2143 271 2200 sed
287 2141 338 2214 qui
351 2140 432 2198 misit
447 2157 493 2198 me
506 2141 667 2215 Paler,ipse
679 2159 725 2199 me
741 2141 886 2218 glorificet
938 2146 981 2203 vis
997 2146 1098 2201 ordcut
1113 2145 1142 2200 in
1163 2148 1256 2212 nocte,
1280 2143 1357 2200 dicm
1373 2149 1401 2200 te
1412 2145 1496 2216 jubet
1511 2148 1687 2217 exspectare.
1703 2145 1767 2204 Nou

65 2232 137 2302 (tun.
148 2231 219 2303 cru).
233 2254 249 2280 »
279 2231 334 2288 Sed
351 2229 398 2286 hic
410 2232 522 2286 dictum
538 2235 599 2287 est:
612 2254 627 2282 ιι
639 2231 668 2288 Si
684 2248 737 2305 ogo
753 2233 884 2291 testimo·
938 2252 1007 2308 ergo
1018 2234 1088 2307 quis
1099 2233 1178 2290 illius
1189 2231 1317 2290 hominis
1329 2232 1528 2290 testimonium
1541 2251 1597 2290 non
1608 2238 1765 2308 crotopus.

65 2322 132 2378 nium
148 2320 294 2394 perhibeo
306 2319 341 2376 de
356 2317 480 2392 meipso,
496 2319 699 2378 testimonium
712 2337 810 2378 mcum
826 2340 884 2380 nou
938 2325 1012 2382 Nom
1037 2323 1155 2396 utquid
1171 2323 1345 2392 mitteretur,
1357 2322 1380 2380 si
1397 2341 1454 2380 non
1470 2323 1643 2398 crotopus?
1659 2324 1715 2382 Sed
1731 2341 1767 2381 ue

64 2413 99 2466 cst
110 2426 208 2466 verum
226 2408 336 2482 (itit).
354 2429 368 2458 ιι
381 2408 416 2464 Et
430 2407 517 2482 poulo
532 2413 616 2482 post:
636 2434 646 2460 ι
665 2409 719 2474 Qui
736 2427 783 2466 me
804 2409 885 2469 misit
939 2414 968 2470 in
985 2412 1340 2482 lucernnmeuoethomo,
1352 2412 1490 2470 etlumen
1501 2412 1626 2470 lucerne
1637 2411 1693 2473 sibi
1705 2413 1766 2472 sui·

64 2499 142 2566 Peter,
156 2498 220 2571 ipse
244 2495 451 2554 testimonium
471 2495 605 2570 perhibet
628 2499 664 2554 clo
680 2516 726 2555 me
746 2499 850 2572 (ibid).
869 2524 883 2551 ιι
938 2504 1024 2560 ficere
1038 2503 1206 2571 arbitretur,
1222 2501 1287 2558 idco
1303 2502 1507 2582 necllomiuus
1525 2501 1765 2560 lucernnmillsm

63 2587 131 2644 Nunc
142 2589 170 2643 iu
184 2604 215 2646 so
231 2589 373 2642 naturam
385 2585 742 2658 hominisdemonstrons,
760 2605 837 2644 nunc
852 2589 882 2646 in
937 2591 1116 2665 supcrlluam
1134 2590 1205 2646 dicit
1221 2591 1320 2660 luisse,
1335 2609 1388 2647 nec
1404 2595 1500 2648 temon
1517 2591 1589 2648 dicit
1603 2592 1632 2648 in
1648 2591 1767 2648 lucerne

64 2677 102 2734 liei
113 2679 270 2750 majestate
280 2675 421 2748 aequnlem
433 2691 464 2732 se
477 2675 625 2749 siguificat
638 2676 725 2743 Patri,
735 2679 883 2739 nuncuni-
937 2681 1042 2738 debere
1057 2697 1218 2736 remouere.
1244 2680 1421 2738 Scrutamini
1445 2679 1551 2754 iuquit,
1571 2681 1765 2753 scripturum,

64 2771 138 2824 uum
149 2767 204 2824 sibi
216 2764 465 2823 Divinitntiecum
475 2766 531 2822 Deo
543 2765 627 2822 Putre
636 2765 796 2836 vindicans,
806 2785 882 2824 nunc
936 2769 967 2825 in
979 2787 1037 2842 quo
1049 2786 1101 2826 vos
1110 2767 1221 2841 putetis
1231 2769 1319 2826 ritum
1331 2774 1468 2826 eternum
1480 2768 1598 2826 hebere.
1611 2769 1678 2841 lpse
1688 2766 1767 2826 testi-

64 2856 235 2930 iregilitatem
248 2855 390 2912 humenis
401 2855 498 2911 carnis
508 2854 676 2924 ostendens,
688 2872 766 2912 nunc
777 2857 883 2914 doctri·
937 2858 1069 2916 monium
1084 2855 1217 2930 perbibet
1228 2857 1263 2913 do
1274 2872 1330 2926 mc,
1342 2861 1370 2914 et
1381 2873 1439 2912 non
1452 2855 1541 2914 vultis
1551 2856 1650 2912 venire
1658 2857 1694 2914 ed
1706 2871 1764 2924 me,

63 2961 118 3000 uem
132 2961 216 3002 suom
232 2959 271 3000 se
291 2960 349 3000 non
366 2942 461 3000 dicere
486 2960 582 3014 suom,
608 2960 687 3000 nuno
700 2944 881 3002 voluntatem
935 2951 968 3002 ut
982 2947 1072 3002 vitem
1087 2945 1231 3002 habeatis.
1245 2944 1317 3008 Quid
1332 2961 1382 3001 vos
1397 2943 1507 3018 putetis
1522 2943 1630 3002 hebere
1644 2944 1674 3000 in
1690 2945 1767 3002 Scri·

63 3050 132 3090 mem
145 3051 174 3091 sc
190 3051 250 3092 nou
274 3048 412 3105 querere,
428 3049 505 3088 nunc
517 3032 717 3090 testimonium
731 3050 818 3090 suurn
834 3052 880 3091 ve·
935 3040 1022 3109 ptura
1031 3035 1120 3092 vitem
1132 3034 1290 3090 oeternum?
1301 3034 1399 3106 lpsum
1410 3032 1598 3107 interrogate,
1611 3032 1658 3092 cui
1670 3032 1766 3108 perhi.

63 3139 178 3180 rumnon
189 3139 273 3190 esse,
286 3137 363 3178 nuuc
373 3138 473 3178 verum
484 3138 548 3178 esse
558 3121 738 3194 significans.
749 3123 822 3180 Nem
833 3124 880 3182 hie
935 3127 984 3182 bet
1000 3121 1215 3190 testimonium,
1230 3125 1259 3178 et
1274 3120 1426 3194 intelligite
1438 3139 1502 3194 que
1518 3121 1557 3178 sit
1571 3121 1630 3180 vite
1644 3126 1763 3180 eterne.

64 3211 106 3268 tit:
118 3235 131 3262 ιι
146 3212 173 3269 Si
185 3229 240 3287 ego
254 3209 460 3268 testimonium
474 3210 612 3283 perhibeo
622 3211 657 3268 de
668 3212 790 3284 meipso,
800 3213 879 3270 testi·
894 3188 915 3256 C
936 3215 971 3272 llt
985 3213 1055 3286 quia
1068 3214 1186 3284 propter
1200 3210 1319 3283 Moysen
1330 3207 1502 3267 videbantur
1517 3209 1672 3284 repudiare
1685 3193 1767 3266 curii

65 3301 179 3358 nonium
191 3317 299 3356 meum
311 3315 369 3356 uon
383 3303 428 3356 est
438 3317 548 3356 verum.
558 3322 572 3350 »
587 3300 621 3356 Et
631 3299 718 3372 paulo
728 3306 808 3374 post:
822 3303 882 3361 Etsi
938 3307 1028 3370 stum,
1044 3305 1185 3374 tunquam
1196 3300 1231 3356 de
1242 3298 1300 3354 alio
1312 3297 1442 3356 lucerne.
1455 3299 1563 3356 Omnes
1574 3297 1651 3356 enim
1667 3297 1763 3355 bomi-

64 3405 105 3462 ego
124 3387 333 3448 testimonium
350 3387 487 3461 perhibeo
502 3389 538 3446 de
554 3405 610 3456 me,
626 3407 726 3446 rerum
739 3395 784 3448 cst
799 3393 883 3448 testi·
937 3408 990 3450 nes
1000 3390 1135 3457 lucerne,
1147 3388 1217 3461 quiu
1228 3387 1378 3444 etincendi
1387 3393 1513 3460 possunt
1523 3392 1552 3444 et
1561 3387 1718 3461 exstingui.
1729 3388 1765 3446 ut

65 3479 179 3536 nonium
194 3495 313 3536 meum.
326 3478 475 3544 Quomodo
484 3495 552 3552 ergo
563 3495 621 3534 non
632 3482 675 3536 est
689 3497 789 3536 verum
801 3482 882 3538 testi·
936 3480 1061 3536 lucerne
1077 3477 1195 3551 quidem
1208 3493 1275 3532 cum
1291 3476 1410 3549 sepiunt
1423 3476 1532 3545 lucent,
1548 3480 1577 3533 et
1589 3475 1693 3549 spiritu
1710 3475 1764 3534 ier·

64 3568 178 3626 monium
206 3569 289 3641 ejus,
307 3566 363 3623 nisi
379 3567 542 3624 secuudum
559 3567 747 3640 fragilitatem
762 3569 883 3626 carnis?
935 3565 1763 3638 vontNometsiardebunt,exstinctmsuntotJ'smputent.

63 3655 122 3713 Nem
136 3665 161 3715 et
172 3657 245 3714 illud
267 3656 344 3730 quod
354 3657 442 3712 dixit:
460 3681 474 3707 ιι
491 3655 553 3713 Νοιι
569 3655 632 3712 voni
650 3657 743 3714 lucere
754 3658 883 3716 volunte-
937 3654 1252 3715 Pcrmuuseruutenim
1268 3655 1341 3712 servi
1354 3653 1402 3711 Dei
1420 3654 1544 3711 lucerne
1555 3654 1637 3712 boue
1652 3671 1687 3712 ex
1701 3653 1764 3711 oleo

64 3748 110 3802 lem
125 3765 217 3804 meum
233 3748 327 3814 (Joou.
344 3747 393 3818 vr).
410 3769 425 3796 ιι
443 3747 485 3816 ut,
501 3745 591 3801 Filius
611 3762 627 3801 o
650 3763 681 3802 se
698 3745 770 3802 nihil
787 3753 882 3821 potest
936 3745 1143 3804 misericordie
1170 3743 1262 3811 illius,
1287 3761 1344 3800 nou
1369 3761 1403 3800 cx
1425 3742 1536 3802 viribus
1564 3743 1645 3800 suis:
1670 3742 1766 3817 gretie

64 3833 196 3904 interest
222 3835 284 3893 nlia
304 3833 397 3890 multa
412 3833 594 3907 hujusmodi,
619 3852 683 3906 qum
708 3835 808 3892 ouoniu
819 3855 880 3894 ‚noo
937 3838 1045 3911 quippe
1056 3834 1251 3906 Doi‚grntuito
1261 3832 1319 3900 illu,
1329 3833 1426 3890 oleum
1437 3832 1623 3892 lucernorum
1632 3835 1686 3890 est.
1695 3831 1764 3890 Plus

64 3921 199 3981 introcunt
214 3923 327 3982 Filium
344 3940 438 3996 neque
454 3923 612 3996 decipiunt,
631 3940 683 3979 nec
699 3924 809 3980 nPntre
824 3926 882 3982 dis·
936 3927 1015 3982 euim
1027 3924 1085 3981 illis
1095 3923 1234 3980 omuibus
1244 3922 1383 3990 laborovi,
1394 3923 1435 3978 uit
1445 3923 1579 3996 quedem
1589 3920 1719 3980 lucerne.
1730 3921 1765 3978 et

63 4011 183 4086 jungunt.
196 4015 227 4072 Si
243 4012 367 4086 quidem
382 4011 480 4068 etheo
491 4013 556 4068 idco
567 4015 636 4068 sunt
648 4011 753 4084 posito,
771 4018 802 4069 ut
814 4030 882 4070 vern
937 4032 973 4071 ne
987 4013 1097 4070 viribus
1113 4011 1175 4068 suis
1186 4012 1288 4068 erdere
1303 4010 1458 4078 videretur,
1468 4011 1604 4083 adjunxit
1616 4025 1623 4068 :
1634 4011 1697 4068 Non
1711 4027 1764 4085 ego

67 4101 116 4170 ejus
125 4103 250 4162 relucent
262 4101 443 4163 humanitus.
456 4101 533 4157 sicut
543 4118 577 4157 ox
586 4100 648 4157 bis:
660 4125 673 4152 ιι
686 4102 745 4175 Ego
758 4102 786 4157 iu
799 4103 881 4160 Patre
936 4107 1046 4170 eutem,
1058 4102 1107 4158 scd
1119 4100 1213 4178 gretie
1223 4099 1273 4158 Dei
1285 4117 1411 4156 mecum.
1431 4099 1532 4157 Omnis
1543 4100 1686 4174 propheta
1698 4102 1764 4156 onte

67 4193 88 4244 et
105 4191 183 4250 Peter
206 4191 237 4250 in
255 4207 303 4248 me
327 4191 420 4262 (locu.
435 4191 502 4262 xiv).
521 4212 535 4240 ιι
551 4191 585 4246 ut
606 4190 729 4246 iterum:
749 4214 762 4240 ιι
780 4192 838 4265 Ego
852 4197 882 4250 et
937 4191 1051 4248 Domini
1067 4190 1225 4246 adveutum
1247 4188 1366 4246 lucerna
1380 4194 1434 4258 est,
1452 4189 1487 4246 de
1503 4205 1561 4262 quo
1577 4187 1647 4244 dicit
1662 4189 1763 4247 Petrus

68 4276 237 4338 Peterunum
251 4297 358 4340 sumus
372 4279 464 4350 (loun.
481 4282 519 4348 x).
537 4301 551 4330 ιι
566 4280 618 4334 Et:
636 4303 649 4328 «
662 4278 715 4344 Qui
733 4295 778 4336 mc
793 4280 881 4350 videt,
937 4279 1086 4357 apostolus
1101 4279 1136 4350 (ll
1145 4280 1217 4334 Pete,
1234 4279 1262 4345 ι).
1276 4277 1442 4334 habeamus
1455 4277 1607 4336 certiorem
1617 4274 1764 4348 propheti·

67 4365 130 4424 ridet
143 4373 170 4426 et
184 4369 304 4430 Patrem
315 4367 402 4440 (loon.
419 4367 485 4440 xiv).
505 4391 519 4416 ιι
533 4367 584 4424 ut:
598 4389 612 4418 ιι
623 4367 705 4424 Sicut
720 4369 806 4426 Pater
820 4388 883 4428 sus·
937 4389 1004 4428 curu
1020 4383 1196 4435 sermonem,
1208 4365 1253 4422 cui
1266 4366 1339 4422 bene
1352 4365 1455 4434 tacitis,
1468 4365 1763 4436 intendentesquem·

69 4453 124 4512 citet
133 4463 264 4514 mortuos
276 4461 306 4514 et
316 4455 533 4522 vivificet,itnet
544 4455 634 4514 Filius
647 4474 720 4530 quoe
734 4457 796 4514 vult
811 4459 881 4516 vivi·
936 4459 1095 4517 admodum
1120 4455 1244 4511 lucorum
1264 4453 1363 4511 lucent
1378 4453 1406 4510 in
1422 4454 1547 4510 obscuro
1574 4451 1648 4520 loco,
1671 4451 1763 4508 donec

68 4543 131 4612 sicet,
141 4570 153 4596 ιι
163 4565 231 4604 vera
240 4548 307 4618 ojus
317 4545 458 4602 Divinitas
467 4545 655 4618 approbetur.
667 4546 882 4612 Quisvoluntus
897 4556 921 4622 Β
936 4548 999 4606 dics
1013 4547 1151 4612 lucescet,
1168 4548 1196 4600 ot
1212 4543 1315 4600 lucifer
1329 4542 1440 4600 orietur
1450 4541 1478 4598 in
1495 4539 1633 4599 cordibus
1646 4541 1762 4599 vestris.

69 4629 146 4689 Patris
155 4635 268 4704 etl'ilii,
285 4649 345 4692 uun
357 4634 499 4708 operatio,
511 4651 571 4690 uno
582 4633 706 4707 denique
717 4634 820 4708 grutin,
833 4655 880 4694 oe·
936 4639 1069 4694 Lucumo
1080 4635 1179 4707 itaque
1189 4633 1330 4706 prophete
1344 4637 1398 4700 est,
1410 4637 1437 4688 et
1449 4628 1545 4688 omnis
1558 4629 1711 4704 prophetie
1720 4633 1765 4688 est

69 4719 176 4795 demque
186 4723 362 4798 gubernatio
375 4729 429 4780 eet.
439 4723 495 4780 Sed
506 4721 645 4796 magister
654 4725 786 4797 gentium
798 4727 881 4784 docet
935 4743 995 4784 uns
1009 4738 1116 4797 iringus
1130 4722 1260 4778 lucerne.
1274 4721 1347 4788 Ouid
1360 4721 1483 4794 apostoli
1492 4725 1503 4778 i
1513 4737 1611 4778 nonne
1619 4718 1766 4776 lucerne?

69 4806 122 4874 iste,
145 4813 292 4870 scribens:
314 4835 328 4862 ιι
348 4812 446 4870 Gratia
462 4811 544 4869 vobis
557 4815 586 4870 ot
607 4829 695 4884 pexo
720 4813 775 4870 lloo
798 4815 881 4872 Petro
934 4815 1029 4872 Etiam
1046 4813 1103 4886 ipsi
1125 4811 1249 4868 lucorum
1270 4809 1366 4884 plane.
1384 4809 1470 4867 Solus
1485 4809 1564 4868 euim
1579 4807 1628 4866 ille
1643 4823 1702 4866 uon
1717 4804 1764 4862 lu-

71 4903 153 4958 nostro
167 4907 196 4958 et
206 4902 331 4958 Domino
345 4905 413 4958 tesu
430 4900 545 4958 Christo
561 4903 585 4971 (l
600 4902 663 4958 Cor.
681 4903 711 4970 1).
729 4925 741 4950 ιι
934 4921 1031 4962 cerno.
1043 4902 1105 4958 Non
1121 4900 1198 4957 enim
1214 4900 1421 4957 accenditurot
1430 4898 1638 4972 exstinguitur,
1654 4897 1704 4954 sed
1722 4911 1768 4970 esp

100 4990 201 5046 «Alius
217 4995 262 5046 cst
276 4991 326 5063 qui
337 4981 538 5048 testimonium
555 4989 688 5062 perhibet
702 4991 738 5046 de
753 5009 809 5048 me.
824 5017 837 5042 »
849 4995 880 5052 111
936 5015 950 5044 ιι
961 4985 1764 5062 luxveru,queeilluminotomnembominemvenientem

73 5078 249 5148 sequentihus
263 5079 391 5136 ostendit
405 5079 471 5152 quis
486 5079 525 5136 eit
539 5077 588 5134 ille
601 5077 676 5135 nlius
691 5079 741 5152 qui
754 5083 882 5140 testimo·
936 5083 966 5138 in
978 5079 1371 5148 hunemundumllouu.1).»
1386 5082 1423 5133 llo
1434 5074 1766 5134 loennedioitur:«Non

74 5163 142 5220 nium
157 5167 332 5239 perhibetde
343 5185 384 5236 se,
400 5168 448 5225 ubi
464 5167 523 5224 ait:
541 5191 554 5218 ιι
571 5166 625 5234 Qui
640 5165 776 5226 misitms
788 5169 880 5238 Puter,
937 5175 998 5229 erut
1012 5170 1061 5226 illo
1084 5168 1195 5234 lumen,
1212 5167 1261 5224 sed
1281 5171 1313 5222 ut
1329 5166 1530 5224 testimonium
1553 5163 1718 5239 perhiberet
1731 5163 1767 5222 de

74 5247 328 5322 ipsetestimonium
339 5256 472 5330 perhibet
482 5257 570 5314 deme
581 5261 673 5328 (loon.
686 5257 755 5328 viu).
767 5281 781 5306 »
792 5259 881 5316 Testi-
937 5261 1048 5318 lumino
1064 5257 1166 5327 (rtet).
1183 5277 1197 5305 ιι
1214 5255 1254 5310 Do
1266 5254 1380 5312 Christo
1392 5259 1491 5312 eutem
1504 5273 1510 5312 :
1526 5279 1539 5306 ιι
1550 5251 1678 5312 Eretlux
1687 5269 1765 5319 vere,

75 5343 191 5400 monium
203 5345 463 5403 Potrisestdel'ilio
474 5346 503 5401 in
516 5347 673 5418 baptismo,
685 5345 735 5402 ubi
745 5364 798 5403 vox
808 5347 884 5404 iacto
938 5367 1001 5422 quae
1019 5343 1166 5402 illuminet
1181 5361 1298 5400 omnem
1309 5343 1459 5402 bominem
1469 5344 1633 5402 venientem
1647 5341 1678 5397 in
1688 5341 1767 5398 bunc

76 5431 112 5481 est
124 5429 252 5488 decoelo:
271 5457 281 5484 ι
297 5433 348 5490 ilie
362 5438 406 5490 est
417 5433 507 5490 Filius
523 5449 607 5490 meus
627 5433 764 5500 dilectus,
780 5435 808 5489 in
825 5453 883 5508 quo
939 5429 1765 5508 mundum.»OuidestquoddespostolisipeeVeritesoit:

75 5516 221 5576 mitilene
236 5521 396 5595 complacui
412 5522 516 5594 (tacit.
531 5523 612 5594 xvir).
626 5545 639 5570 ιι
656 5521 756 5578 Simile
767 5541 884 5596 quoque
939 5551 952 5576 ιι
961 5522 1271 5589 vosrstisluxmundi,
1282 5547 1294 5572 ιι
1301 5520 1679 5596 otdeJonuneevsngelietn:
1689 5519 1767 5575 «Non

78 5605 264 5666 testimonium
280 5611 308 5668 in
323 5615 536 5670 montesancto
552 5611 696 5684 perbibuit
721 5611 815 5684 Peter,
832 5633 883 5670 ou-
940 5610 1768 5687 orotillclumcn?»Ncclosnnesperseerntlueerue,ueo
